1610 2624
686 111 845 210 44
478 224 1106 332 118. Der Frühling.
223 317 1420 410 Im Frühlinge wird die Luft milde. Es ſchmilzt der
177 382 1424 453 Schnee und das Eis. Davon wird die Erde naß. Bäche
167 446 1418 513 und Flüſſe ſchwellen an. Der Himmel wird wieder blau.
168 505 1425 570 Bald ſcheint die Sonne wärmer. Der Landmann zieht
165 566 1423 634 fröhlich zum Acker. Das Feld wird gepflügt, der Garten
162 621 1428 689 wird umgegraben. Die Winzer beſchneiden den Wein=
164 676 1420 747 ſtock. Nun grünet der Buſch. Es grünet der Garten.
163 740 1426 811 Die Saatſschießt empor. Die Zugvögel kehren zurück
168 798 1421 871 und bauen ſich Neſter. Der Geſang der Nachtigallen
160 851 1424 929 belebt das Gebüſch. Das Veilchen duftet. Das Mai=
160 925 1421 992 glöckchen blühet. Viele Blumen zieren Wieſen und
164 969 353 1039 Garten.
452 1021 1114 1144 119. Der Sommer.
214 1137 1418 1207 Im Sommer sind die Tage lang, die Nächte kurz. Die
158 1183 1417 1266 Sonne wird heisser. Die Erdbeeren und Johannisbeeren
161 1258 1408 1319 werden reif. Es reifen die Kirschen. Es blühet der Wein=
154 1294 1413 1364 stock. Das Gras auf der Wiese wird abgemähet. Das
150 1367 1413 1438 Heu wird eingefahren. Das Getreide ist nicht mehr grün,
149 1439 1413 1500 sondern gelb. Die Aehren sind schwer. Es nahet die
157 1485 1410 1549 Aernte. Roggen und Weizen werden gemäht. Die Hitze
151 1533 1413 1606 ist brennend und drückend. Die Schnitter schwitzen auf
156 1596 1421 1659 dem Felde. Der Schatten ist kühl und labend. Alles hofft
149 1654 1418 1726 auf erquickenden Regen. Gott sorgt für die Menschen;
150 1719 1307 1803 er sendet Sonnenschein und Regen zur rechten Zeit.
494 1819 1054 1922 120. Der Herbst.
209 1906 1425 1983 Im Herbſte nehmen die Tage ab. Die Hitze läßt
153 1965 1408 2036 nach. Aepfel, Birnen und Nüſſe werden reif. Auch die
154 2023 1414 2089 Weintrauben kommen zur Reife. Die Weinleſe wird
151 2081 1414 2154 gehalten. Die Kartoffeln werden ausgegraben. Man
148 2144 1415 2218 verſieht ſich mit Vorrath für den Winter. Keller und
151 2206 1311 2272 Speicher werden angefüllt. Gott ist ſehr gütig.
139 2260 1407 2324 Nun werden die Blätter gelb und fallen ab. Die Zug=
145 2323 1419 2388 vögel ziehen in wärmere Länder. Kalter Nebel erfüllt
139 2369 644 2457 am Morgen die Luft.
