1604 2622
27 72 134 176 XII.
436 119 1211 285 ein, eine, ein.
44 184 177 290 32.
94 270 1462 516 ein Hals, eine Seite, ein Bein,
107 411 1484 656 ein Hut, eine Weſte, ein Hemd,
108 575 1464 780 ein Tempel, eine Schule, ein Haus,
116 700 1483 939 ein Ofen, eine Kerze, ein Feuer,
111 863 1467 1089 ein Marder, eine Taube, ein Schaf,
108 1015 1460 1240 ein Hobel, eine Zange, ein Beil.
477 1162 1122 1314 der, die, das.
39 1180 157 1310 33.
102 1304 1453 1533 der Tisch, der Schemel, der Pokal,
105 1454 1465 1677 der Felſen, der Zaum, der Orkan,
102 1575 1514 1820 der Räuber, der Erbe, der Jüngling,
109 1753 1510 1894 die Tafel, die Fibel, die Taſche,
93 1849 1388 2128 die Birke, die Rebe, die Eſche,
100 2045 1486 2272 die Natur, die Rede, die Garbe,
95 2184 1478 2426 das Gute, das Böſe, das Uebel,
77 2332 1505 2555 das Eiſen, das Silber, das Leben.
