1590 2630
682 120 961 215 — 34 —
744 248 868 350 98.
230 314 1438 414 Dampf, Dämpfe; Sumpf, Sümpfe; Strumpf,
173 412 1434 486 Strümpfe; dumpf, ſtumpf, ſtümpfen, ſtümpfeſt; ſchimpft,
171 485 1436 563 ſchimpfst; kämpft, kämpfſt, ſtampfſt; packt, packſt; ſtockt,
174 547 1434 631 ſtockſt; drückt, drückſt; flickt, flickſt; weckt, weckſt; hackt,
173 614 844 720 hackſt, hackte, hacktet, hackteſt.
232 671 1437 762 walkt, welkt; walkte, welkte; walkteſt, welkteſt; denkt,
173 752 1441 832 wankt, lenkt, trinkt; denkſt, wankſt, lenkſt, trinkſt; dank=
171 814 1438 884 teſt; kränkt, kränkſt; Markt, Märkte; merkt, merkſt; wirkt,
179 881 1425 941 wirkſt; harkt, harkſt; stärkt, stärkſt; eilends, abends:
170 930 1444 997 nachts, nichts, rechts; klatſcht, klatſchtet, klatſchteſt; glit=
171 985 1441 1067 ſchen, glitſcht, glitſchteſt; rutſchen, rutſcht, rutſcheſt,
164 1040 602 1146 rutſchtet, rutſchteſt.
749 1089 865 1193 99.
229 1156 1436 1259 Einſt ging Ernſt mit ſeinem Vater auf das Feld.
179 1241 1441 1303 Sie kamen an einen großen Acker. Darauf ſtanden
176 1300 1444 1365 Erbſen, Bohnen und Möhren. Eine Frau pflückte die
173 1361 1439 1424 Bohnen und legte ſie in einen Korb. Sie kamen an
176 1420 1440 1490 einen andern Acker. Ein Mann ſchärfte seine Senſe
175 1483 1439 1551 und mähte die reife Gerſte. Die Magd band die Gerſte
171 1538 1431 1609 in Garben und ſetzte dieſe in Haufen. Ein Wagen fuhr
174 1600 1433 1667 an ihnen vorbei. Die Pferde ſchwitzten; denn der
176 1656 1442 1723 Wagen war ſehr ſchwer. Der Knecht aber klatſchte mit
174 1714 1442 1780 der Peitſche. Sie gingen weiter und ſahen einen andern
178 1778 1438 1841 Knecht. Der ſtreute Samen aus und fuhr dann mit
174 1838 1440 1901 der Egge über das Feld. Ein Häſchen sprang aus der
176 1891 1437 1962 Furche auf. Voll Angst lief es raſch dem Walde zu.
174 1947 1444 2016 Ein Vöglein flog in die Luft und ſang sein Lied. Ernſt
177 1999 1441 2087 horchte voll Freude. Jetzt war es Abend. Nun gingen
176 2065 964 2156 der Vater und Ernſt nach Hauſe.
732 2123 885 2229 100.
231 2206 1440 2294 Wohnhaus, Hausthür, Wanduhr, Schwarzbrod, Salz=
174 2284 1433 2355 faß, Bierglas, Schlafrock, Festkleid, Hofraum, Jagd=
313 2330 1438 2413 hund. — Gartenthür, Blumenbeet, Fingerhut, Immer=
175 2405 1448 2482 grün, Veilchenduft, Apfelbaum, Sauerkraut, Blumen=
