1502 2636
659 128 756 216 45
406 244 985 354 121. Der Winter.
127 353 1340 422 Im Winter wird es früh dunkel. Auf der Straße
69 413 1330 488 brennt die Laterne. — Die Luft wird kälter. Bäche
69 475 1334 534 und Teiche gefrieren. Die Fenſter ſind mit Eisblumen
71 528 1330 602 geziert. Statt des Regens fällt häufiger Schnee. Der
77 592 1340 658 Schnee deckt Feld und Flur. Muntere Knaben freuen
70 654 1336 729 ſich des glatten Eiſes. Der Wagen knarrt vom Froſte.
77 717 1331 784 Es dampfen die Pferde. Man freut ſich des wärmenden
73 771 1133 862 Ofens. Gott ſorgt für Menſchen und Thiere.
392 887 1010 985 122. Morgengebet.
325 984 1031 1078 Ich thu' die hellen Augen auf
271 1040 1086 1122 Und ſchau', o Gott, zu dir hinauf!
270 1113 1095 1192 Du hast mich in der dunkeln Nacht
268 1174 1063 1257 Sanft ſchlafen laſſen und bewacht.
264 1268 962 1369 Behüte mich auch dieſen Tag,
271 1346 1065 1420 Daß mich kein Uebel treffen mag;
275 1406 1060 1473 Und ſchenksſ du deine Gnade mir,
274 1464 1038 1551 So leb' ich dir, ſo sterb' ich dir.
411 1576 990 1688 123. Abendgebet.
371 1679 1032 1768 O guter Gott, ich danke dir
311 1745 905 1822 Für all die vielen Gaben,
299 1802 1098 1876 Und bitte dich, doch ſtets mit mir,
301 1871 958 1958 Recht viel Geduld zu haben.
354 1957 1110 2037 Der Tag iſt wieder hingebracht,
302 2018 1054 2084 Muß nun zur Ruh' mich legen;
309 2077 1060 2159 Sei du bei mir die ganze Nacht
302 2136 1023 2224 Mit deinem Schutz und Segen.
355 2208 1091 2308 Erwecke mich zur Morgenstund',
307 2278 979 2366 Gib, daß ich nie mehr fehle;
306 2330 957 2419 Erhalte meinen Leib geſund
305 2397 870 2497 Und ſtärke meine Seele.
