1586 2624
674 115 929 210 — 42 —
72 229 1456 473 114. R, S, T, U, V, W, X, X, Z.
238 472 1422 608 R, S, T, U, V, W, X, X, Z.
221 604 1410 680 Ofen, Thüre, Rost, Schublade, Rohr; Fenster,
148 665 1417 746 Rahmen, Scheibe, Riegel; Haus, Dach, Wände,
149 731 1413 819 Speicher, Zimmer, Küche, Keller, Hof, Stall,
148 812 1417 899 Scheune; Xaverius, Ypsilon. — Im Winter gibt
151 884 1408 954 es Reif, Schnee und Eis. Im Sommer sieht man
162 944 1415 1022 Thau, Nebel und Regen. Im Walde nisten die
162 1016 1420 1089 Vögel; im Kirchthurme schreit die Eule. —
157 1088 1418 1175 Ein Fisch kann schwimmen; Hasen können laufen.
706 1169 843 1292 115.
211 1257 1414 1371 Das Eichhörnchen ist ein munteres Thierchen.
154 1355 1418 1442 Hurtig klettert es den Baum hinauf. Es springt
157 1417 1419 1507 von einem Baume zum anderen und sucht Nüsse
157 1487 1409 1592 und Buchecker. — Der Fuchs ist listig. Vorsich=
145 1552 1413 1647 tig schleicht er umher und späht auf Hasen
154 1620 1416 1710 und Hühner. Hat er sie erhascht, so flieht er
154 1691 1304 1798 damit nach seiner Höhle und verzehrt sie.
152 1758 1417 1852 Die Kuh ist uns sehr nützlich; wir trinken ihre
152 1829 1423 1926 Milch und essen ihr Fleisch; aus ihrem Felle
142 1910 1428 1979 macht der Gerber Leder; das Leder wird zu
153 1979 1033 2094 Schuhen und Stiefeln verarbeitet.
709 2066 861 2181 116.
222 2145 1428 2258 In der Stadt befindet sich ein Markt. Auf
161 2252 1409 2326 demselben kommen täglich viele Leute zusammen.
151 2304 1414 2402 Die Landleute und einige Bürger bringen allerlei
151 2379 1426 2492 Lebensmittel zum Verkaufe dahin. In langen
