1590 2620
690 106 863 201 38
247 229 1455 323 In einer Ecke des Hofes liegt ein Hund in einem
193 289 1454 372 Häuschen. Er iſt mit einer Kette befeſtigt. Sobald ein
194 353 1448 427 Fremder auf dem Hofe erſcheint, ſpringt er plötzlich
191 413 1451 474 aus ſeinem Häuschen, reißt gewaltig an der Kette und
194 467 1446 540 bellt laut. Kommt aber ſein Herr gegangen, ſo ist er
192 534 1455 606 voller Freude. Er wedelt mit dem Schweife und ſpringt
194 598 1457 665 an ihm hinan. Wenn es Abend geworden iſt, bindet
188 648 1379 724 man ihn los. Er bewacht in der Nacht das Haus.
241 704 1441 772 Auf dem Dache ſitzen die niedlichen Täubchen. Es
193 763 1453 830 ſind ihrer gewöhnlich recht viele zuſammen. Sie fliegen
192 829 1441 899 häufig auf den Hof und ſuchen Gerſte und Hafer. Hier
189 885 1443 962 kann man ſie gut beſehen. Das Täubchen hat ein
186 942 1434 1020 ſchönes Federkleid und röthliche Füße. Es iſt reinlich,
189 1010 1456 1079 und man wird nie Schmutz an ihm entdecken. Mein
183 1056 1129 1146 Kind, laß dich nicht von ihm beſchämen!
553 1177 1026 1330 107. c, C.
784 1326 1096 1421 c, C = z.
237 1383 1443 1471 Die Ceder, ein Centner, Cäsar, der Cirkel, Cedron.
186 1443 1441 1528 Die Ceder ist ein ſchöner Baum. Cäsar war ein großer
182 1523 1450 1588 Feldherr. Der Centner hat hundert Pfund. Wofür braucht
182 1578 584 1661 man den Cirkel?
662 1674 977 1760 c, C= k.
233 1760 1453 1849 Die Cur, der Caplan, der Doctor, ein Concert, ein
183 1822 1448 1891 Clavier, der Sclave, die Cigarren, die Complet, eine
183 1883 1446 1955 Quelle, das Queckſilber. Der Doctor curirt den Kranken.
189 1949 1445 2045 Im Concerte wird geſungen. Die Cigarren werden
177 2002 397 2094 geraucht.
645 2078 993 2182 ch, Ch= j.
239 2157 1441 2266 Der Cherub, China, der Chineſe, Conrad, der Vocal.
179 2254 1445 2320 Der Cherub ist ein Engel. Conrad ist ein Name. China
182 2315 1453 2385 iſt ein großes Land. In der Cisterne iſt Waſſer. Quäle
167 2364 578 2452 die Thiere nicht!
