1612 2638
691 103 919 233 28
201 264 1412 371 Gift, Luft, Schrift, Saft, Säfte, Heft, Hefte; läuft,
143 333 1415 447 hofft, ſchifft, ſchweiſt, ſchläft, ſchnauft, gafft, gaffte,
143 414 1420 513 gaffteſt; miſcht, fiſcht, haſcht, lauſcht, lauſchtet, lauſchteſt;
142 490 1113 573 fängt, ſchwingt, mengt, mengtet, mengteſt.
717 598 844 703 85.
206 698 1414 796 Du gehst in die Schule. Du biſt ein Schüler. Du
151 784 1421 868 haſt eine Tafel und ein Buch. Dein Buch heißt Fibel.
150 840 1417 943 In dem Buche liefeſt du. Was thuſt du mit der Tafel?
147 920 1420 1016 Du mußt immer ſchön ſchreiben. Womit löſcheſt du die
152 982 1413 1069 Schrift aus? Der Schwamm hängt an einer Schnur.
142 1067 1345 1143 Dieſe iſt an der Tafel feſt. Haſt du auch ein Heft?
148 1123 1422 1206 Die Lerche iſt ein Vogel. Sie baut ihr Neſt auf den
151 1210 1420 1285 Acker. Sie fängt Würmer. Sie haſcht auch manche
150 1287 1427 1361 Fliege. Sie frißt dieſe Thierchen. Dann ſchwingt ſie
152 1341 1432 1436 ſich in die Luft. Sie ſingt ein ſchönes Lied. Sie will
155 1418 717 1526 dem lieben Gott danken.
721 1520 843 1629 86.
215 1633 1059 1709 Sand, Mund, Kind, Mond, Rand, Feind, Hand,
162 1700 1066 1777 Hände, Band, Bänder, Abend, Jugend, Tugend, rund,
153 1765 1101 1842 wund, eilend, labend; bunt, kennt, ſinnt, wohnt, dient,
158 1835 1427 1910 mahnt, konntet, konnteſt, kannten, kannteſt; Hemd, Hem=
156 1912 1417 1996 den; fremd: Sammt, Amt, Aemter; zäumt, kommt,
150 1981 1062 2066 leimt, leimte, leimten, leimtet, leimteſt.
220 2070 1430 2147 Gold, Wald, Wälder, Feld, Felder; wild, mild,
153 2147 1426 2228 milder; Welt, Pult, Zelt, Zelte; alt, kalt, kälter; ſchallt,
157 2196 1433 2288 zielt, ſchwillt, fühlt, füllt; Erde, Herde; werden, wird,
160 2281 1433 2353 ward; Bart, Wort, Wirth, Hirt, Gürtel, Schwert; fort,
163 2358 1433 2430 werth, hart, zart; ſchwirrt, ziert, kehrt, murrt, irrt, bohrt,
165 2415 561 2515 bohrten, bohrteſt.
