1552 2636
711 106 841 218 24
698 237 836 350 71.
198 327 1433 413 Die Katzen fangen Mäuſe. Die Fröſche ſchnappen
143 400 1430 475 Mücken. Die Wölfe rauben Lämmer. Die Tauben picken
150 469 1414 567 Wicken. Die Schafe freſſen Heu. — Der Schneider hat
141 558 1416 621 eine Elle. Der Schnitter hat eine Senſe. Der Maurer
146 617 1398 695 hat eine Kelle. Was hat der Müller? Der Schloſſer
146 696 1408 766 hat einen Hammer; er kann hämmern. Der Fiſcher hat
136 748 1428 853 ein Netz; er will Fiſche fangen. Der Bauer hat einen
154 829 330 942 Karren.
717 873 844 987 72.
127 956 1357 1059 Rad, Räder; Ton, Töne; Schwur, Schwüre; Schaf,
147 1030 1347 1114 Bär, Tod, Hebel,Biber, Säbel, Base, Kübel,
135 1099 1415 1180 Hafen, Fibel, Leder, Schnabel, Pudel, Hobel, Schwefel;
153 1198 1368 1273 müde, ſchwül, öde; holen, leſen, hören, tönen.
709 1242 864 1350 73.
139 1324 1397 1404 Aal, Aas, Haar, Paar, Saal, Säle, Saat,
137 1401 1380 1486 Waare, baar; Allee, Armee, Beere, Beet, Heer,
134 1465 1387 1571 Kameel, Meer, Schnee, Scheere, See, Seele, leer;
138 1538 1434 1653 Boot, Loos, Moor, Moos, Schooß, Schöße,looſen.
704 1610 890 1708 74.
134 1693 1434 1782 Hahn, Hähne; Sohn, Söhne; Kuh, Kühe; Kahn;
142 1764 1372 1851 Zahn, Zähne; Huhn, Hühner; Zahl, Kohl, Reh,
141 1834 1400 1925 Jahr, Lehm, Uhr, Möhre, Mühle, Ehre, Mühe,
141 1899 1393 1982 Sohle, Mähne, Lehne, Röhre, Bohne, Zähre, Höhe,
141 1978 1384 2056 Aehre, Rahmen, Köhler, Fehler; zahm, hohl, mehr,
139 2047 1399 2138 kühl, zehn, jähe, frühe; ihn, ihm, ihr,
127 2108 1399 2202 ihrer, ihnen; zahlen, lohnen, wählen, fühlen,
135 2179 1451 2266 lähmen, wohnen, flehen, führen, zehren, währen,
132 2254 1423 2348 mähen, rühren, mehren, rühmen, ſehen, höhnen;
135 2325 1402 2411 Reihe, Seihe, Weihe, Weiher; rauh, rauhe,
129 2398 1403 2514 rauher, rauhes; leihen, weihen, ſeihen, reihen.
