1532 2634
594 103 856 207 — 41 —
128 242 1381 335 hobeln, klopfen, leimen, poliren; quälen; man
131 339 1378 414 pflügt, egget, walzt und säet; es blitzt, donnert,
126 392 1383 481 regnet; alles wächst, grünt, blüht und reift; man
133 469 1382 548 schneidet, bindet, fährt, drischt, mahlt, bäckt und
127 548 1385 619 isst; — ich höre, was ich spreche; ich sehe, was
124 609 1347 707 ich schreibe; — sei aufmerksam, folge willig!
188 710 1300 900 112. A, B, C, D, E, F, G.
378 940 1231 1053 A, B, C, D, E, F, G.
194 1018 1394 1102 Der Arm, der Finger, das Bein, der Fuss,
128 1087 1397 1180 ein Dach, eine Ecke; mein Brod, dein Fleisch;
126 1165 1392 1247 seine Gabel, unsere Aepfel. Der Baum hat Aeste;
128 1233 1398 1307 er trägt Blätter, Blüthen und Früchte. Der Arme
131 1302 1390 1387 betet; der Fromme hilft dem Bedrängten; er
132 1373 733 1459 gibt ihm ein Almosen.
204 1490 1395 1673 113. H. I., J. K, L, M. N, O, P, Q.
191 1707 1396 1806 H. I., J. K, L, M. N, O, P, Q.
192 1805 1393 1893 Kirche, Altar, Kerzen, Bänke, Leute, Predigt=
124 1890 1401 1971 stuhl, Orgel, Pfeife, Blasebalg; Kopf, Mund, Nase,
135 1953 1395 2036 Augen, Ohren, Haare; ein Igel; das Jahr; die
153 2035 1392 2108 Qual. — Die Nachtigall schlägt; die Ente schnat=
140 2102 1390 2178 tert; der Hund bellt; die Katze miaut; der Frosch
144 2172 1391 2255 quakt. — Der Pflug besteht aus Holz und Eisen;
142 2246 1389 2313 das Pferdegeschirr ist aus Leder und Kupfer ver=
139 2311 1394 2407 fertigt. Im Frühjahre pflücke ich Blumen; im
132 2376 802 2488 Herbste mäht man Gras.
