1594 2630
662 113 984 230 — 36 —
247 233 1480 300 Im Garten ſind auch noch andere Pflanzen, nämlich
208 296 1460 386 Blumen und Küchenpflanzen. Die schneeweiße Lilie hat
209 363 1464 426 oben eine Glocke. Darin sitzen lange Fäden, auf welchen
201 422 1466 497 goldgelbe Körner liegen. Die Stockviole ist braungelb;
195 481 1465 556 ſie riecht angenehm. Man nennt ſie auch Goldlack. Die
201 541 1455 604 Tulpe ſieht wunderſchön aus; aber ſie duftet nicht; ſie
191 595 1467 654 iſt geruchlos. Am liebſten ist mir die Roſe. Sie iſt
192 653 1458 718 wohlriechend und hat auch eine ſchöne Farbe. — Nun
194 713 979 826 nennt auch einige Küchenpflanzen!
750 835 925 939 103.
193 925 1418 1014 Baum, Bäumchen; Teller, Tellerchen; Löffelchen;
198 995 1416 1065 Buch, Büchlein; Tuch, Tüchlein; Sternlein;
194 1053 1409 1146 König, Königin; Lehrer, Lehrerin; Schülerin;
196 1110 1364 1192 Schule, Schüler; Schloß, Schloſſer; Seiler:
184 1154 1420 1253 böſe, boshaft; ſchaden, ſchadhaft; Herrschaft;
190 1221 1405 1311 Freund, Freundschaft; Feind, Feindſchaft; Botſchaft;
195 1285 1419 1367 Kind, Kindheit; Thor, Thorheit; Krankheit;
192 1344 1416 1424 faul, Faulheit; blind, Blindheit; Schönheit;
177 1404 1432 1486 reich, Reichthum; eigen, Eigenthum; Heiligthum
174 1465 1382 1540 kleiden, Kleidung; nähren, Nahrung; Achtung;
179 1518 1366 1599 bitter, Bitterkeit; heilig, Heiligkeit; Ewigkeit
181 1576 1357 1690 decken, Deckel; heben, Hebel; Klöpfel.
697 1690 861 1799 104.
175 1794 1348 1880 Sand, ſandig; Salz, ſalzig; dornig;
182 1868 1371 1938 Stein, ſteinicht; Holz, holzicht; thöricht;
173 1921 1388 2005 König, königlich; Fürst, fürſtlich; ritterlich;
172 1989 1356 2063 ſüß, ſüßlich; ſchwach, ſchwächlich; länglich;
173 2037 1339 2113 dienen, dienlich; erben, erblich; löblich;
176 2092 1373 2174 Dieb, diebisch; Zank, zänkisch, kindiſch;
173 2151 1371 2225 eſſen, eßbar; trinken, trinkbar; denkbar;
172 2211 1355 2295 Friede, friedſam; Ehre, ehrſam; lenkſam;
175 2272 1372 2343 biegen, biegſam; heilen, heilſam; duldſam;
167 2327 1421 2415 Fehler, fehlerhaft; Tugend, tugendhaft; ſchmerzhaft;
172 2386 1371 2478 leben, lebhaft; schwätzen, ſchwatzhaft; nahrhaft.
