1584 2630
662 126 959 215 — 46 —
559 262 1055 358 124. Vorsatz.
437 334 1160 422 0, wie freu' ich mich der Gabe,
445 413 1056 484 Dass ich gute Eltern habe,
444 467 1037 549 Die für mich vom Morgen
443 525 986 606 Bis zum Abend sorgen;
444 588 1142 653 Die mich kleiden und ernähren,
438 647 1108 716 Mich das Böse meiden lehren,
436 704 957 784 Mich in allen Pflichten
432 764 939 838 Liebreich unterrichten!
438 819 1090 890 O, ich will sie wieder lieben,
432 868 1114 965 Nie mit Vorsatz sio betrüben!
486 955 1108 1041 123. Am Samstag.
442 1025 1098 1114 Die Glocken, Glocken läuten,
384 1087 1018 1171 Man höret ſie von weitem;
391 1135 1121 1229 Sie ſagen: "Heut' iſt Samstag,
385 1199 1119 1284 Und morgen, dann iſt Sonntag.
380 1259 1086 1324 Dann müßt ihr all' erſcheinen,
387 1320 1062 1400 Ihr Großen und ihr Kleinen,
401 1366 1131 1453 Im Gotteshaus im beſten Kleid,
380 1432 1197 1527 Drum waſchet euch und ſeid bereit!
391 1497 742 1581 Am Leibe rein,
385 1562 772 1632 Am Herzen rein:
391 1602 1058 1684 So könnt ihr Gott gefallen!"
380 1670 1059 1753 Die Glocken, Glocken ſchallen,
380 1732 1104 1813 Sie ſagen: "Heut iſt Samstag,
382 1794 1134 1882 Und morgen, dann iſt Sonntag."
313 1864 1294 1957 126. Gebet zum Chriſtkindchen.
439 1936 1078 2015 Lieb Jeſulein, ſüß Jeſulein,
391 2001 1089 2082 Sei du mein liebes Brüderlein
379 2061 1060 2138 Und ſpiel' mit meiner Seele!
384 2114 1122 2201 Ich wär' ſo gerne ganz bei dir,
381 2173 1206 2246 O zeig' den Weg zum Himmel mir,
381 2233 1016 2312 Weil ich ihn ſonst verfehle.
393 2278 1209 2365 Im Himmel möcht' ich bei dir ſein,
384 2346 1109 2429 Lieb Jeſulein, mein Brüderlein.
