1548 2632
615 98 765 195 35
86 225 1350 313 kohl, Hülſenfrucht, Mitternacht, Morgenſtern, Sonnen=
92 290 1348 384 ſchein, Glockenklang, Hörnerſchall. — Buchbinder, Dach=
98 365 1351 440 decker, Hutmacher, Poſtbote, Rothgerber, Großvater,
95 412 1360 500 Kinnbacken, Ohrmuschel, Augapfel, Fußſohle, Raub=
91 470 1356 554 vogel, Maiblume; Blumengarten, Schlüſſelblume, Knaben=
101 535 893 634 ſchule, Kleiderbürſte, Kaffeemühle, Federmeſſer, Abend=
110 595 902 686 ſonne. — Maulbeerbaum, Landwehrmann, Obſtbaum=
96 650 1350 750 zucht, Handwerksmann, Sonntagskleid, Branntwein=
99 706 1361 794 glas, Wallfischfang, Schauſpielhaus; Handſchuhmacher,
99 773 949 863 Schreinerhandwerk, Schloſſerwerkzeug.
676 832 793 925 101.
158 881 1368 987 grasgrün, ſchneeweiß, hellblau, roſenroth, ſchwefel=
115 980 1363 1058 gelb, braunroth, milchweiß, rabenſchwarz, dunkelroth,
105 1024 1362 1102 aſchgrau, feuerroth, ſchieferblau; eirund, wagerecht,
111 1094 1357 1160 viereckig, kugelrund; haushoch; ſteinhart, eiſenfeſt, baum=
119 1141 1363 1229 ſtark; blitzsſhnell; kummervoll, muthlos; ſchlaflos, muth=
110 1210 1287 1286 voll, lieblos, athemlos, liebevoll, liebreich, zuckersüß.
161 1252 1365 1344 ausgehen, nachlaufen, anſehen, abtreten, hinwerfen,
120 1322 1370 1409 herkommen, zuschlagen, wegſpringen, durchſtoßen, ein=
121 1365 1368 1466 machen, umfallen, losdrücken, heimfliegen, darreichen,
121 1437 1366 1516 aufſtehen, niederſetzen, voranſchreiten, untertauchen,
123 1501 1369 1571 niederdrücken, übertragen, wiederbringen, herumlaufen,
123 1558 1378 1638 hinterbringen, überſenden, wiederholen, unterhalten,
116 1613 1214 1696 überreichen, zurückweichen, einnehmen, ausgeben.
674 1670 817 1763 102.
177 1766 1387 1828 An unſerem Hauſe ist ein Garten. Darin sſehen
127 1822 1387 1896 allerlei Bäume. Es ſind meiſtens Obſtbäume. Wer kann
126 1867 1384 1962 mir Obſtbäume angeben? — Auf dem Kirſchbaume
124 1930 1391 2012 wachſen Kirſchen. Der Apfelbaum trägt Aepfel. Der
118 1986 1382 2063 Pflaumenbaum ſchenkt uns Pflaumen. — Manche Früchte
135 2039 1392 2123 ißt man gleich. Andere trocknet man und ſpeiſt ſie in
130 2098 1388 2177 den kalten Wintertagen. — Man findet auch Sträucher
132 2154 1385 2238 im Garten. Da steht der Johannis= und der Stachel=
129 2213 1397 2300 beerſtrauch. An dem Johannisbeerſtrauche hangen
135 2284 1391 2364 Johannisbeeren; an dem Stachelbeerſtrauche findet man
137 2336 1401 2413 Stachelbeeren. An der Mauer wächst der Weinstock und
139 2406 914 2496 in der Ecke steht eine Haſelſtaude.
