1512 2634
593 112 857 236 — 29 —
134 244 1341 338 Jagd, Magd, Mägde; wagt, ſchweigt, ſchmiegt, fliegt,
73 325 1348 410 ſchlägt, ſaugt, ſägt, ſägtet, ſägtest; Pacht, Licht, Hecht,
83 413 1354 492 Docht, Nacht, Nächte, Tochter, Töchter; leicht, recht,
87 469 1028 569 ſchlecht; kocht, keucht, ſicht, wacht, haucht.
658 563 779 674 87.
138 667 1356 757 Am Tage ſcheint die Sonne. Sie macht, daß es bei
83 745 1360 820 uns hell ist. Dann können die Menſchen gut ihre Arbeit
83 806 1359 906 thun. Aber der Abend kommt. Es wird dunkel, und
81 894 1363 965 man kann nicht gut mehr ſehen. Dann zündet man ein
82 957 1359 1027 Licht an. Der Vater, die Mutter und die Kinder ſetzen
85 1034 1356 1108 ſich um das Licht herum. — Nach dem Abend kommt
82 1094 1356 1185 die Nacht. Dann legt man ſich zu Bette und ſchläft.
83 1165 1357 1251 Ein Kranker kann oft nicht ſchlafen. Er hat große
88 1242 1364 1321 Schmerzen. Danke Gott, daß es dir wohl geht! — Der
89 1303 1360 1389 Schreiner hobelt und ſägt. Der Schloſſer hämmert und
89 1372 1356 1462 feilt. Der Schneider mißt, ſchneidet und näht. Was
87 1466 1354 1540 thut der Bauer? Was macht der Schuſter? Der Maler
91 1535 1365 1603 malt Bilder. Der Tüncher weißt die Wände. Der
87 1600 1365 1681 Maurer führt Mauern auf. Wer deckt das Dach? Wer
93 1664 527 1757 setzt Scheiben ein?
662 1722 795 1848 88.
137 1837 1357 1941 Gips, Mops, Möpſe, Schöps, Schöpſe; Napf, Näpfe,
81 1917 1347 1999 Zopf, Zöpfe, Kopf, Köpfe; hüpfen, ſchnupfen, rupfen,
86 1995 1355 2071 rupfet, rupfeſt; hübſch, hübſcher, hübſches; Kutſche;
87 2072 1357 2145 rutſchen, rutſchet, rutſcheſt; Wachs, Flachs, Dachs,
90 2146 1353 2216 Fuchs, Füchſe, Büchſe, Büchſen; ſechs; wichſen, wichſet.
149 2206 1347 2293 jetzt, schätzt, reizt, ſitzt, ſetzt, heizt, ſchwitzt, ſchnitzt,
88 2290 1361 2362 putzt, putzte, putztet, putzteſt, ſchützt, ſchützte, ſchützten,
102 2349 1365 2436 ſchütztet, ſchützteſt; weckt, lockt, duckt, hackt, ſchmeckt,
97 2411 1370 2502 ſchmückt, ſchmückte, ſchmückten, ſchmücktet, ſchmückteſt.
