1558 2636
746 107 919 246 19.
120 265 1422 438 53. K. L. M, N, O, Oe.
287 428 1408 526 K, L, M, N, O, Oe.
214 509 1430 598 Der Kaiſer, eine Kirſche, eine Lampe, das Oel,
151 582 1441 680 die Linſe, ein Maler, eine Muſchel, die Nadel, die
147 655 1421 735 Note, ein Ofen, die Oefen, eine Kanzel, der Jubel,
161 733 1432 815 ein Name, die Meiſe, eine Haube, eine Nudel, der
152 800 1432 867 Orden, ein Kölner, ein Läufer, die Kelter, ein
154 864 1438 952 Gulden, das Leder, das Leinen, der Oheim, der
157 934 1440 1028 Odem, der Marmor, eine Kante, ein Eimer, die
161 1003 953 1103 Narbe, der Laden, eine Mandel.
731 1114 859 1218 54.
230 1211 1433 1298 Der lange Mantel, die langen Mäntel, die weite
159 1288 1432 1372 Hoſe, die weiten Hoſen, die neue Haube, die neuen
163 1360 1436 1447 Hauben, der ſchöne Garten, die ſchönen Gärten, die
167 1431 1435 1515 jungen Bäume, die reifen Kirſchen, die langen
169 1502 1442 1579 Birnen, die hübſchen Nelken, die bunten Käfer, die
162 1577 1430 1663 ſchöne Laube, die ſcharfen Dornen, das lange Eiſen,
162 1655 1071 1742 die kurzen Nadeln, die ſcharfe Lanze.
212 1808 327 1928 55.
362 1792 1434 1994 P. R, S, Sch, T..
422 1962 1352 2065 P. R, S, Sch, T.
227 2047 1434 2132 Die Pumpe, der Pinſel, der Raub, ein Räuber,
166 2108 1431 2225 eine Reiſe, der Säbel, die Silbe, die Tante, die
159 2190 1437 2279 Taufe, der Täufer, eine Schaufel, ein Pudel, ein
167 2264 1445 2366 Schäfer, ein Reiter, eine Perle, die Tulpe, der
163 2334 1442 2429 Käfer, die Hirſe, ein Säbel, der Schädel, eine
165 2403 1429 2517 Palme, die Rübe, der Salat, ein Tempel, das Pulver.
