<?xml version="1.0" encoding="UTF-8" standalone="yes"?>
<PcGts xmlns="http://schema.primaresearch.org/PAGE/gts/pagecontent/2013-07-15" xmlns:xsi="http://www.w3.org/2001/XMLSchema-instance" xsi:schemaLocation="http://schema.primaresearch.org/PAGE/gts/pagecontent/2013-07-15 http://schema.primaresearch.org/PAGE/gts/pagecontent/2013-07-15/pagecontent.xsd">
    <Metadata>
        <Creator>prov=University of Rostock/Institute of Mathematics/CITlab|PLANET AI GmbH/Gundram Leifert/gundram.leifert@planet-ai.de:name=ONB_Newseye_GT_M1+(htr_id=10810)::::v=2.6.6
prov=University of Rostock/Institute of Mathematics/CITlab|PLANET AI GmbH/Tobias Gruening/tobias.gruening@planet-ai.de:name=de.uros.citlab.module.baseline2polygon.B2PSeamMultiOriented:v=2.6.6
prov=University of Rostock/Institute of Mathematics/CITlab|PLANET AI GmbH/Tobias Gruening/tobias.gruening@planet-ai.de:name=/net_tf/LA73_249_0mod360.pb:de.uros.citlab.segmentation.CITlab_LA_ML:v=2.6.6
Transkribus</Creator>
        <Created>2020-03-24T10:24:54.925+01:00</Created>
        <LastChange>2020-03-26T13:37:58.825+01:00</LastChange>
    </Metadata>
    <Page imageFilename="00000030.tif" imageWidth="1614" imageHeight="2636">
        <ReadingOrder>
            <OrderedGroup id="ro_1585226278891" caption="Regions reading order">
                <RegionRefIndexed index="0" regionRef="r1"/>
            </OrderedGroup>
        </ReadingOrder>
        <TextRegion orientation="0.0" id="r1" custom="readingOrder {index:0;}">
            <Coords points="129,158 129,2574 1414,2574 1414,158"/>
            <TextLine id="r1l1" custom="readingOrder {index:0;}">
                <Coords points="611,208 633,202 644,210 661,199 683,214 737,205 777,226 804,218 806,113 771,104 755,110 743,102 645,141 612,127"/>
                <TextEquiv>
                    <Unicode>26</Unicode>
                </TextEquiv>
            </TextLine>
            <TextLine id="r1l2" custom="readingOrder {index:1;}">
                <Coords points="704,352 715,352 741,367 750,359 761,366 771,364 783,354 798,362 820,357 819,259 806,260 789,275 760,269 753,276 732,281 721,276 704,281"/>
                <Baseline points="712,354 745,353 778,353 811,353"/>
                <TextEquiv>
                    <Unicode>79.</Unicode>
                </TextEquiv>
            </TextLine>
            <TextLine id="r1l4" custom="readingOrder {index:2;}">
                <Coords points="176,442 1317,437 1381,428 1380,335 174,363"/>
                <Baseline points="183,427 234,429 285,430 337,430 388,430 440,430 491,429 543,428 594,427 646,426 697,424 748,423 800,421 851,420 903,419 954,418 1006,417 1057,416 1109,416 1160,416 1374,416"/>
                <TextEquiv>
                    <Unicode>Weg, Teig, Zeug; Pech, Küche, Bäche; Lüge, Sichel,</Unicode>
                </TextEquiv>
            </TextLine>
            <TextLine id="r1l6" custom="readingOrder {index:3;}">
                <Coords points="132,506 1351,512 1383,427 131,443"/>
                <Baseline points="140,500 192,499 245,499 298,498 351,497 403,497 456,496 509,495 562,494 614,493 667,493 720,492 773,491 825,490 878,490 931,489 984,489 1036,488 1089,488 1142,488 1376,486"/>
                <TextEquiv>
                    <Unicode>Siegel, Geige, Rechen, Regen, Degen, Zeche, Segen,</Unicode>
                </TextEquiv>
            </TextLine>
            <TextLine id="r1l8" custom="readingOrder {index:4;}">
                <Coords points="310,595 1405,576 1395,504 410,530 309,501"/>
                <Baseline points="136,570 360,569 404,568 448,567 492,566 536,565 579,564 623,563 667,562 711,561 755,560 798,560 842,559 886,559 930,558 974,558 1017,557 1061,557 1105,557 1149,556 1397,559"/>
                <TextEquiv>
                    <Unicode>Feigen, Zeiger, Egge; dich, mich, frech; ſägen, beugen,</Unicode>
                </TextEquiv>
            </TextLine>
            <TextLine id="r1l10" custom="readingOrder {index:5;}">
                <Coords points="142,652 1395,634 1394,585 1251,568 141,591"/>
                <Baseline points="149,639 210,639 272,638 334,638 396,637 458,636 520,636 582,635 644,634 706,633 768,632 829,631 891,630 953,630 1015,629 1077,628 1139,627 1201,627 1263,626 1325,626 1387,625"/>
                <TextEquiv>
                    <Unicode>ſchweigen, wägen, zechen, zeugen, neigen, rächen, fliegen,</Unicode>
                </TextEquiv>
            </TextLine>
            <TextLine id="r1l11" custom="readingOrder {index:6;}">
                <Coords points="125,720 171,735 309,705 379,729 397,715 448,727 498,710 643,711 642,662 614,669 549,640 467,660 418,640 124,669"/>
                <Baseline points="132,710 157,710 182,710 207,709 232,709 257,709 282,709 308,708 333,708 358,707 383,707 408,706 433,706 458,705 484,705 509,704 534,704 559,703 584,703 609,702 635,701"/>
                <TextEquiv>
                    <Unicode>mögen, lügen, lächeln.</Unicode>
                </TextEquiv>
            </TextLine>
            <TextLine id="r1l12" custom="readingOrder {index:7;}">
                <Coords points="187,789 1407,777 1406,718 1349,696 186,729"/>
                <Baseline points="194,777 254,777 314,777 374,776 435,776 495,776 555,775 615,774 676,774 736,773 796,772 856,771 917,771 977,770 1037,769 1097,768 1158,768 1218,767 1278,766 1338,766 1399,765"/>
                <TextEquiv>
                    <Unicode>Buch, Rauch, Schlauch, Tuch, Hauch, Lauch, Bauch,</Unicode>
                </TextEquiv>
            </TextLine>
            <TextLine id="r1l13" custom="readingOrder {index:8;}">
                <Coords points="132,854 1406,853 1405,801 1282,769 994,815 669,774 504,814 132,799"/>
                <Baseline points="140,849 202,848 265,848 328,847 391,847 454,846 517,845 580,844 643,844 706,843 769,842 831,841 894,841 957,840 1020,839 1083,839 1146,838 1209,837 1272,837 1335,836 1398,836"/>
                <TextEquiv>
                    <Unicode>Buche, Kuchen; auch, hoch; rauchen, ſuchen, hauchen,</Unicode>
                </TextEquiv>
            </TextLine>
            <TextLine id="r1l14" custom="readingOrder {index:9;}">
                <Coords points="135,941 358,908 1399,931 1398,848 134,872"/>
                <Baseline points="142,919 204,918 266,917 329,916 391,915 454,914 516,913 579,913 641,912 704,912 766,911 828,910 891,910 953,910 1016,909 1078,909 1141,908 1203,908 1266,908 1328,907 1391,907"/>
                <TextEquiv>
                    <Unicode>fluchen. — Deich, Teich, Seuche, Eiche, Leiche, Zeichen,</Unicode>
                </TextEquiv>
            </TextLine>
            <TextLine id="r1l15" custom="readingOrder {index:10;}">
                <Coords points="141,999 1342,990 1341,927 1264,920 140,936"/>
                <Baseline points="148,991 207,990 266,989 325,988 385,987 444,986 503,985 563,985 622,984 681,983 741,982 800,982 859,981 918,980 978,980 1037,979 1096,979 1156,978 1215,978 1274,978 1334,978"/>
                <TextEquiv>
                    <Unicode>Eichel; euch, reich, weich; reichen, weichen, ſchleichen.</Unicode>
                </TextEquiv>
            </TextLine>
            <TextLine id="r1l16" custom="readingOrder {index:11;}">
                <Coords points="711,1082 724,1079 731,1084 757,1067 774,1075 793,1068 818,1090 829,1091 831,999 809,991 803,995 798,991 774,993 768,999 757,993 741,999 713,998"/>
                <Baseline points="720,1064 745,1064 771,1065 796,1065 822,1066"/>
                <TextEquiv>
                    <Unicode>80.</Unicode>
                </TextEquiv>
            </TextLine>
            <TextLine id="r1l17" custom="readingOrder {index:12;}">
                <Coords points="196,1161 1416,1149 1416,1076 710,1093 515,1052 196,1095"/>
                <Baseline points="204,1142 264,1140 324,1139 384,1138 444,1137 505,1136 565,1135 625,1135 685,1134 745,1133 806,1133 866,1132 926,1132 986,1132 1046,1131 1107,1131 1167,1130 1227,1130 1287,1129 1347,1128 1408,1127"/>
                <TextEquiv>
                    <Unicode>Auf dem Dache ſitzen Vögel. Sie fliegen auf die</Unicode>
                </TextEquiv>
            </TextLine>
            <TextLine id="r1l18" custom="readingOrder {index:13;}">
                <Coords points="140,1217 1409,1214 1408,1148 1351,1134 743,1180 580,1135 139,1159"/>
                <Baseline points="148,1213 210,1212 273,1210 335,1209 398,1208 461,1207 523,1206 586,1205 649,1204 711,1204 774,1203 837,1202 899,1202 962,1201 1025,1201 1087,1200 1150,1200 1213,1199 1275,1199 1338,1199 1401,1198"/>
                <TextEquiv>
                    <Unicode>Erde. Sie ſuchen Körner. Sie freſſen die Körner. Es</Unicode>
                </TextEquiv>
            </TextLine>
            <TextLine id="r1l19" custom="readingOrder {index:14;}">
                <Coords points="140,1300 1253,1292 1405,1276 1405,1216 139,1237"/>
                <Baseline points="148,1284 210,1282 272,1280 335,1279 397,1277 460,1276 522,1275 585,1274 647,1273 710,1273 772,1272 834,1272 897,1271 959,1271 1022,1270 1084,1270 1147,1269 1209,1269 1272,1268 1334,1268 1397,1267"/>
                <TextEquiv>
                    <Unicode>kommen Leute über den Weg. Die Vögel fliegen wieder</Unicode>
                </TextEquiv>
            </TextLine>
            <TextLine id="r1l20" custom="readingOrder {index:15;}">
                <Coords points="141,1362 1345,1360 1406,1344 1406,1276 140,1299"/>
                <Baseline points="148,1354 210,1352 273,1350 335,1349 398,1347 460,1346 523,1345 585,1344 648,1343 710,1343 773,1342 836,1341 898,1341 961,1340 1023,1340 1086,1339 1148,1339 1211,1339 1273,1338 1336,1338 1399,1337"/>
                <TextEquiv>
                    <Unicode>auf das Dach. Auf der Erde liegen Halme. Die Vögel</Unicode>
                </TextEquiv>
            </TextLine>
            <TextLine id="r1l21" custom="readingOrder {index:16;}">
                <Coords points="145,1437 1412,1407 1395,1347 1151,1385 668,1350 568,1394 486,1351 144,1363"/>
                <Baseline points="152,1422 214,1422 277,1421 339,1420 402,1418 465,1417 527,1416 590,1415 652,1414 715,1413 778,1412 840,1411 903,1410 965,1409 1028,1409 1091,1408 1153,1408 1216,1408 1278,1408 1341,1408 1404,1409"/>
                <TextEquiv>
                    <Unicode>holen die Halme. Sie bauen ſich Neſter. Sie legen</Unicode>
                </TextEquiv>
            </TextLine>
            <TextLine id="r1l22" custom="readingOrder {index:17;}">
                <Coords points="139,1496 1414,1506 1413,1420 138,1445"/>
                <Baseline points="146,1493 209,1491 272,1490 335,1488 398,1487 461,1486 524,1485 587,1484 650,1484 713,1483 776,1482 839,1481 902,1481 965,1480 1028,1480 1091,1479 1154,1479 1217,1479 1280,1478 1343,1477 1406,1477"/>
                <TextEquiv>
                    <Unicode>Eier in die Neſter. — Der Bäcker kann Kuchen backen.</Unicode>
                </TextEquiv>
            </TextLine>
            <TextLine id="r1l23" custom="readingOrder {index:18;}">
                <Coords points="142,1581 1409,1552 1408,1510 1337,1485 141,1518"/>
                <Baseline points="150,1565 212,1563 275,1562 337,1560 400,1559 462,1557 525,1556 587,1555 650,1554 712,1553 775,1552 837,1551 900,1551 962,1550 1025,1550 1087,1549 1150,1549 1212,1548 1275,1548 1337,1547 1400,1547"/>
                <TextEquiv>
                    <Unicode>Der Jäger will Haſen ſchießen. Der Schmied muß Nä=</Unicode>
                </TextEquiv>
            </TextLine>
            <TextLine id="r1l24" custom="readingOrder {index:19;}">
                <Coords points="137,1647 1411,1626 1409,1552 1199,1594 1118,1559 136,1584"/>
                <Baseline points="145,1635 207,1633 270,1632 333,1630 396,1629 459,1627 522,1626 585,1625 648,1624 711,1623 774,1622 836,1621 899,1620 962,1619 1025,1619 1088,1618 1151,1617 1214,1617 1277,1616 1340,1616 1403,1615"/>
                <TextEquiv>
                    <Unicode>gel machen. Der Mann will Kegel ſchieben. — Mit</Unicode>
                </TextEquiv>
            </TextLine>
            <TextLine id="r1l25" custom="readingOrder {index:20;}">
                <Coords points="146,1716 1264,1709 1413,1688 1413,1626 146,1652"/>
                <Baseline points="154,1702 216,1701 279,1700 341,1699 404,1698 466,1697 529,1696 591,1695 654,1694 716,1693 779,1692 842,1691 904,1691 967,1690 1029,1689 1092,1688 1154,1688 1217,1687 1279,1686 1342,1686 1405,1685"/>
                <TextEquiv>
                    <Unicode>der Säge kann man ſägen. Mit der Sichel kann man</Unicode>
                </TextEquiv>
            </TextLine>
            <TextLine id="r1l26" custom="readingOrder {index:21;}">
                <Coords points="146,1795 1408,1768 1407,1707 1301,1690 971,1729 145,1718"/>
                <Baseline points="154,1772 216,1771 278,1770 340,1769 403,1768 465,1767 527,1766 590,1765 652,1764 714,1763 777,1762 839,1761 901,1761 963,1760 1026,1759 1088,1758 1150,1758 1213,1757 1275,1756 1337,1756 1400,1756"/>
                <TextEquiv>
                    <Unicode>ſchneiden. Mit dem Wagen kann man fahren. — Wir</Unicode>
                </TextEquiv>
            </TextLine>
            <TextLine id="r1l27" custom="readingOrder {index:22;}">
                <Coords points="162,1860 1063,1827 1248,1856 1410,1837 1409,1775 161,1798"/>
                <Baseline points="169,1843 230,1842 292,1840 353,1839 415,1837 477,1836 538,1835 600,1834 662,1833 723,1833 785,1832 847,1831 908,1831 970,1830 1032,1829 1093,1829 1155,1828 1217,1828 1278,1827 1340,1826 1402,1826"/>
                <TextEquiv>
                    <Unicode>ſehen mit den Augen. Wir hören mit den Ohren. Wir</Unicode>
                </TextEquiv>
            </TextLine>
            <TextLine id="r1l28" custom="readingOrder {index:23;}">
                <Coords points="147,1926 1363,1919 1404,1908 1404,1849 250,1843 146,1879"/>
                <Baseline points="154,1914 216,1912 278,1911 340,1909 402,1908 464,1907 526,1906 588,1905 650,1904 712,1904 775,1903 837,1902 899,1902 961,1902 1023,1901 1085,1901 1147,1901 1209,1901 1271,1901 1333,1901 1396,1901"/>
                <TextEquiv>
                    <Unicode>riechen mit der Naſe. Wir ſchmecken mit der Zunge.</Unicode>
                </TextEquiv>
            </TextLine>
            <TextLine id="r1l29" custom="readingOrder {index:24;}">
                <Coords points="144,2005 997,1985 985,1917 797,1944 501,1915 258,1946 143,1930"/>
                <Baseline points="152,1984 193,1983 235,1983 277,1982 319,1982 361,1981 403,1980 444,1979 486,1979 528,1978 570,1977 612,1976 654,1975 696,1974 737,1973 779,1973 821,1973 863,1972 905,1972 947,1973 989,1973"/>
                <TextEquiv>
                    <Unicode>Wir fühlen mit dem ganzen Körper.</Unicode>
                </TextEquiv>
            </TextLine>
            <TextLine id="r1l30" custom="readingOrder {index:25;}">
                <Coords points="722,2067 747,2078 755,2071 768,2081 792,2065 796,2070 806,2068 826,2085 834,2085 837,1999 815,1998 807,2005 791,1989 773,1981 752,1993 725,1990"/>
                <Baseline points="731,2056 762,2060 794,2059 826,2061"/>
                <TextEquiv>
                    <Unicode>81.</Unicode>
                </TextEquiv>
            </TextLine>
            <TextLine id="r1l31" custom="readingOrder {index:26;}">
                <Coords points="206,2158 1257,2152 1413,2129 1413,2077 205,2073"/>
                <Baseline points="214,2138 273,2136 333,2135 392,2133 452,2131 512,2130 571,2129 631,2128 690,2128 750,2127 810,2126 869,2126 929,2125 988,2125 1048,2124 1108,2123 1167,2123 1227,2122 1286,2121 1346,2120 1406,2119"/>
                <TextEquiv>
                    <Unicode>Die Fischer fahren in einem Kahne. In der Kanne</Unicode>
                </TextEquiv>
            </TextLine>
            <TextLine id="r1l32" custom="readingOrder {index:27;}">
                <Coords points="145,2217 1412,2193 1411,2150 1340,2133 248,2164 144,2134"/>
                <Baseline points="153,2209 215,2207 278,2206 340,2204 403,2203 465,2201 528,2200 590,2199 653,2198 715,2197 778,2196 841,2195 903,2194 966,2193 1028,2192 1091,2192 1153,2191 1216,2190 1278,2190 1341,2190 1404,2190"/>
                <TextEquiv>
                    <Unicode>haben wir Bier. Die Wogen schlagen an das Ufer.</Unicode>
                </TextEquiv>
            </TextLine>
            <TextLine id="r1l33" custom="readingOrder {index:28;}">
                <Coords points="146,2280 1410,2267 1409,2212 1276,2200 145,2217"/>
                <Baseline points="154,2279 216,2277 278,2276 341,2274 403,2273 466,2271 528,2270 590,2269 653,2268 715,2267 778,2265 840,2264 902,2264 965,2263 1027,2262 1090,2261 1152,2261 1214,2261 1277,2260 1339,2260 1402,2260"/>
                <TextEquiv>
                    <Unicode>Ein Jahr hat viele Wochen. Der Rabe hat eine ſchwarze</Unicode>
                </TextEquiv>
            </TextLine>
            <TextLine id="r1l34" custom="readingOrder {index:29;}">
                <Coords points="145,2373 1418,2335 1417,2271 144,2284"/>
                <Baseline points="152,2347 214,2346 277,2345 340,2344 403,2343 466,2341 529,2340 592,2339 655,2338 718,2337 781,2335 843,2334 906,2333 969,2332 1032,2332 1095,2331 1158,2330 1221,2330 1284,2330 1347,2330 1410,2330"/>
                <TextEquiv>
                    <Unicode>Farbe. Der Rappe zieht den Wagen. Der Herr reitet</Unicode>
                </TextEquiv>
            </TextLine>
            <TextLine id="r1l35" custom="readingOrder {index:30;}">
                <Coords points="149,2430 1304,2433 1409,2405 1409,2352 148,2370"/>
                <Baseline points="156,2417 218,2415 280,2414 342,2413 405,2411 467,2410 529,2409 592,2408 654,2407 716,2406 779,2405 841,2404 903,2403 965,2403 1028,2402 1090,2401 1152,2401 1215,2401 1277,2400 1339,2400 1402,2400"/>
                <TextEquiv>
                    <Unicode>auf dem Roſſe. Auf dem Beete waren rothe Roſen.</Unicode>
                </TextEquiv>
            </TextLine>
            <TextLine id="r1l36" custom="readingOrder {index:31;}">
                <Coords points="153,2500 1384,2494 1421,2430 152,2435"/>
                <Baseline points="160,2486 222,2485 285,2483 348,2482 410,2481 473,2480 536,2479 598,2478 661,2477 724,2476 787,2476 849,2475 912,2474 975,2474 1037,2473 1100,2473 1163,2473 1225,2472 1288,2472 1351,2472 1414,2471"/>
                <TextEquiv>
                    <Unicode>Wir ſchlafen in einem Bette. Unter dem Dache niſten</Unicode>
                </TextEquiv>
            </TextLine>
            <TextLine id="r1l37" custom="readingOrder {index:32;}">
                <Coords points="153,2571 333,2593 503,2556 977,2549 1060,2588 1215,2548 1215,2515 1104,2485 152,2504"/>
                <Baseline points="160,2557 212,2556 264,2556 317,2555 369,2554 422,2553 474,2552 526,2551 579,2550 631,2549 684,2549 736,2548 788,2547 841,2546 893,2545 946,2545 998,2544 1050,2544 1103,2544 1155,2544 1208,2544"/>
                <TextEquiv>
                    <Unicode>die Schwalben. Eine Woche hat ſieben Tage.</Unicode>
                </TextEquiv>
            </TextLine>
            <TextEquiv>
                <Unicode>26
79.
Weg, Teig, Zeug; Pech, Küche, Bäche; Lüge, Sichel,
Siegel, Geige, Rechen, Regen, Degen, Zeche, Segen,
Feigen, Zeiger, Egge; dich, mich, frech; ſägen, beugen,
ſchweigen, wägen, zechen, zeugen, neigen, rächen, fliegen,
mögen, lügen, lächeln.
Buch, Rauch, Schlauch, Tuch, Hauch, Lauch, Bauch,
Buche, Kuchen; auch, hoch; rauchen, ſuchen, hauchen,
fluchen. — Deich, Teich, Seuche, Eiche, Leiche, Zeichen,
Eichel; euch, reich, weich; reichen, weichen, ſchleichen.
80.
Auf dem Dache ſitzen Vögel. Sie fliegen auf die
Erde. Sie ſuchen Körner. Sie freſſen die Körner. Es
kommen Leute über den Weg. Die Vögel fliegen wieder
auf das Dach. Auf der Erde liegen Halme. Die Vögel
holen die Halme. Sie bauen ſich Neſter. Sie legen
Eier in die Neſter. — Der Bäcker kann Kuchen backen.
Der Jäger will Haſen ſchießen. Der Schmied muß Nä=
gel machen. Der Mann will Kegel ſchieben. — Mit
der Säge kann man ſägen. Mit der Sichel kann man
ſchneiden. Mit dem Wagen kann man fahren. — Wir
ſehen mit den Augen. Wir hören mit den Ohren. Wir
riechen mit der Naſe. Wir ſchmecken mit der Zunge.
Wir fühlen mit dem ganzen Körper.
81.
Die Fischer fahren in einem Kahne. In der Kanne
haben wir Bier. Die Wogen schlagen an das Ufer.
Ein Jahr hat viele Wochen. Der Rabe hat eine ſchwarze
Farbe. Der Rappe zieht den Wagen. Der Herr reitet
auf dem Roſſe. Auf dem Beete waren rothe Roſen.
Wir ſchlafen in einem Bette. Unter dem Dache niſten
die Schwalben. Eine Woche hat ſieben Tage.</Unicode>
            </TextEquiv>
        </TextRegion>
    </Page>
</PcGts>
