1556 2620
704 110 875 211 25
712 246 849 358 75.
154 315 1351 426 Dieb, Diebe; Lied, Lieder; Bier, Kiel,
156 395 1412 503 Ziel, Wieſe, Biene, Hiebe, Schiefer, Flieder,
151 468 1365 570 Giebel, Kiefer, Zierde, Miene, Rieſe, Vieh;
161 546 1416 638 hier, tief, ſchief; gießen, lieben, dienen,
160 611 1434 718 zieren, ſchieben, zielen, fließen, frieren, ſchließen,
149 698 1328 780 ziehen, zieh; fliehen, flieh; ſehen, ſieh.
737 757 867 849 76.
202 817 1420 930 Thal, Thau, Theil, Thee, Thon, That, Thor, Theer,
171 901 1429 985 Thurm, Thier, Thür, Thaler, Thomas, Rath, Noth,
164 956 1456 1067 Muth, Koth, Wuth, Loth, Ruthe, Pathe, Athem, Röthel;
178 1039 1447 1126 roth, theuer; thun, theilen, thauen, rathen, wüthen,
174 1112 903 1209 miethen, athmen; Rhein, Rhede.
729 1184 870 1280 77.
221 1266 1428 1349 Der Schmied ſchmiedet das Eiſen. Der Schäfer hütet
172 1336 1432 1425 die Schafe. Der Bauer mähet den Weizen. Der Müller
176 1415 1442 1480 mahlet das Korn. Wer nähet den Rock? Was ſchneidet
172 1465 1442 1561 man mit der Scheere? — Die Thür hat ein Schloß.
183 1530 1438 1625 Das Schloß hat einen Schlüſſel. Was thut man mit
167 1615 1437 1704 dem Schlüſſel? Die Tafel hat einen Rahmen. Der
181 1674 1428 1766 Kübel hat Reifen. Wozu dienen die Reifen? — Viele
187 1757 1455 1838 Thiere wohnen in Höhlen. Die Hühner laufen auf dem
186 1811 1438 1914 Hofe. Die Aale schwimmen im Waſſer. Was für
170 1900 787 1989 Thiere leben im Walde?
660 1968 982 2075 78. g, ch.
209 2056 1447 2132 mag, zog, lag, log; ach, doch, mach, noch, ſchwach;
199 2112 1445 2199 Tag, Dach, Zug, Koch, Bach, Loch, Flug, Wage,
191 2201 1451 2284 Wache, Woge, Woche, Sage, Sache, Lauge, Rachen,
184 2267 1454 2342 Bogen, Augen, Nachen, Nagel, Roggen, Dogge; mager,
189 2323 1476 2420 fragen, pochen, ſaugen, machen, jagen, lachen, zagen,
193 2393 1263 2512 wagen, wachen, ragen, ſchlagen, kochen, ſagen.
