1590 2630
754 104 854 213 32
225 242 1441 346 Zwang, Zweig, Zwerg, Zweck, Zwiſt, Zweifel, Zwie=
169 347 1448 415 bel, Zwetsche; zwei, zwölf; zwingen, zwacken, zwängen,
168 421 1439 485 zwitſchern; Qual, Qualm, Quaſt, Quelle, Quitte, Quirle;
179 465 1445 564 quälen, quillen; Pfund, Pferd, Pfeil, Pfahl, Pfanne,
182 545 725 636 Pforte, Pfosten, Pfeffer.
758 621 870 732 93.
232 701 1446 782 Die Biene hat einen Stachel; ſie ſticht mit dem
182 770 1440 853 Stachel. Der Ochs hat Hörner; er stößt mit den Hör=
178 849 1432 923 nern. Die Katze hat Krallen; ſie kratzt mit den Krallen.
180 924 1448 997 Der Hund hat ſcharfe Zähne; er beißt mit den Zähnen.
174 990 1444 1072 Welche Thiere haben Scheeren? Was thun die Vögel
179 1070 1438 1139 mit dem Schnabel? — Die Brücke ist breit; der Steg
165 1124 1444 1196 ist ſchmal. Der Baum ist groß; der Pfahl ist klein.
171 1191 1448 1280 Der Balken ist dick; der Stock ist dünn. Der Pfosten
178 1259 1440 1348 ist lang; der Stift ist kurz. — Die Nadel ist ſpitzer als
179 1339 1449 1422 der Griffel. Der Tisch ist höher als der Stuhl. Der
182 1401 907 1512 Saal ist größer als die Stube.
750 1498 868 1601 94.
231 1569 1424 1671 Strand, Stroh, Strauch, Strahl, Strick, Strauß,
183 1643 1425 1748 Strich, Straße; ſtrafen, ſtreicheln, ſtreben; Spruch,
185 1721 1442 1805 Sproß, Sprung, Sprache; ſpröde; ſprudeln, ſpritzen,
189 1783 1425 1885 ſpringen, ſprießen; Splint, Splitter; ſpleißen; Pfropf
784 1822 813 1848 94.
174 1866 1442 1958 Pfrieme, Pfründe; pfropfen; Pflug, Pflaume, Pflaster,
204 1933 1188 2023 Pflicht; pflastern, pflanzen, pflügen, pflücken.
751 2012 874 2109 95.
230 2093 1446 2170 Das Pferd hat vier Füße; es kann gehen, laufen
177 2166 1446 2237 und ſpringen. Die Katze hat auch vier Füße; ſie kann
182 2228 1454 2316 gehen, laufen, ſpringen und klettern. Der Storch hat
176 2312 1447 2396 zwei Füße und zwei Flügel; er kann gehen und fliegen.
174 2394 1450 2466 Die Fliege hat ſechs Füße und zwei Flügel; ſie kann
