1578 2628
712 124 913 228 18.
206 272 1287 470 50. A, Ae, B, D, E.
398 511 1295 589 A, Ae, B, D. E.
203 570 1412 678 Der Arme, der Aermel, Adam, die Bude, ein
120 640 1407 734 Bär, der Dom, die Dinte, Eva, die Erde, ein
133 730 1403 811 Daumen, die Amſel, ein Balken, eine Ente, der
137 779 1405 875 Anfang, eine Birne, die Erle, der Baum, eine
128 848 1409 936 Doſe, der Burſche, die Aemſe, die Arbeit, das Bein,
133 935 403 1051 der Altar.
297 1061 1215 1216 51. F, G, H, I..
481 1216 1180 1348 F. G. H, J.
205 1276 1408 1399 Das Feuer, der Faden, eine Garbe, eine Gemſe,
145 1380 1420 1487 der Haken, ein Hain, eine Inſel, die Hülfe, der
168 1448 1428 1554 Jünger, ein Falke, der Garten, eine Gabel, ein
146 1514 1409 1623 Fiſch, der Jude, Judas, die Dolde, der Bauer,
149 1601 1423 1690 der Hunger, eine Fabel, die Feile, das Haus, das
151 1668 1165 1778 Eiſen, ein Haufen, eine Düte, die Ader.
720 1747 844 1841 52.
1042 1796 1426 1908 Daumen, deine
512 1816 1024 1926 mein Finger, ſein
220 1835 518 1924 Dein Bein,
1056 1894 1410 1976 meine Aeltern,
152 1906 1011 2002 Hände, meine Arme, ſeine Ferſen
1045 1965 1424 2050 Burſche, meine
151 1991 1018 2070 deine Baſen, ſeine Jungen, euer
1016 2035 1423 2127 euer Hof, unſer
152 2042 989 2142 Feder, deine Fibel, unſer Haus,
388 2107 1418 2189 — Ein hübſcher Garten, hübſche Gärten,
159 2125 353 2204 Garten.
155 2181 1423 2273 ein schöner Baum, schöne Bäume, eine reife Birne,
157 2245 1413 2353 reife Birnen; eine ſchöne Tafel, eine gute Feder,
152 2313 1424 2429 reine Hefte, bunte Bilder, schöne Beutel, hübsche
155 2387 1412 2508 Doſen, neue Börſen, bunte Düten, reine Eimer,
159 2465 772 2580 alte Beſen, ſcharfe Beile.
