1514 2632
672 108 774 216 43
94 228 1357 320 Reihen stellen sie sich auf und setzen die
103 304 1358 395 Waaren in Körben und Säcken vor sich hin.
96 378 1358 459 Einige verkaufen Gemüse und Küchenkräuter:
105 448 1355 529 Kohl, Möhren, Bohnen, Kartoffeln, Sellerie, Peter=
92 514 1360 599 silie und Zwiebel. Andere verkaufen Weissbrod,
105 577 1360 682 Eier, Butter, Käse, Gänse, Hühner, Tauben,
98 660 1353 746 Hasen und sonstiges Wildprett. In den Säcken
101 729 1348 821 aber findet man Mehl oder Hülsenfruchte: Erb=
105 814 1368 882 sen, Gerste, Hirse und dergleichen. Auch die
102 870 1358 942 Metzger und Fischer bringen ihre Waaren zum
115 955 1361 1043 Verkaufe auf den Markt. Die Metzger errichten
106 1016 1364 1088 sich eine Bude aus Brettern und spannen ein
109 1090 1369 1163 Tuch darüber. An einer Stange haben sie
116 1156 1370 1248 Schinken und Bratwürste aufgehängt, und auf
104 1229 1362 1309 dem Budentische liegt anderes Fleisch; auch
110 1288 1361 1362 stehen Töpfe mit Schmalz darauf. Die Fisch=
115 1362 1366 1441 händler haben grosse Bütten mit Wasser hin=
112 1438 1377 1533 gestellt; darin schwimmen allerlei Fische, grosse
115 1516 1365 1596 und kleine, zum Beispiel: Hechte, Aale, Karpfen,
113 1591 1372 1673 Schleien, Backfische und so weiter. Diese werden
122 1649 1243 1735 jedoch meistens nur an Fasttagen gekauft.
500 1765 971 1860 117. Der Tag.
166 1851 1384 1922 Die Nacht entflieht. Der Morgen graut. Der Hahn
114 1910 1377 1982 kräht. Die Sterne erblaſſen. Die Sonne geht auf. Die
124 1973 1376 2036 Sterne verſchwinden. Die Vögel erwachen. Die Lerche
122 2024 1381 2093 ſingt. Die Schwalbe zwitſchert. Die Biene ſummt. Der
115 2098 1373 2151 Käfer ſchwirrt. Die Herde graſet. Die Lämmer ſpringen.
128 2140 1374 2213 Die Heuſchrecke zirpt. Der Froſch hüpft. Die Schnecke
128 2199 1381 2267 kriecht. Die Landleute arbeiten. Die Kinder ſpielen.
127 2252 1381 2322 Die Sonne geht unter. Die Arbeiter kehren heim. Die
119 2316 1386 2401 Abenddämmerung beginnt. Die Sterne funkeln. Die
123 2377 1069 2465 Vögel ſchweigen. Die Menſchen ſchlafen.
