1546 2640
639 118 773 195 37
618 253 784 361 105.
79 337 1238 425 Salz, ſalzen; Pflug, pflügen; fiſchen;
82 412 1254 488 weiß, weißen; grün, grünen; faulen;
76 464 1248 553 voll, füllen; trocken, trocknen; höhlen;
75 528 1227 603 lachen, lächeln; ſtreichen, ſtreicheln; fällen;
79 598 1256 678 ſitzen, ſetzen; hangen, hängen; tränken;
87 647 1335 725 Flügel, beflügeln; Feder, befiedern; bewaffnen;
82 716 1309 785 ſanft, beſänftigen; ſchwer, beſchweren; befremden
85 767 1312 845 gießen, begießen; ſtreichen, beſtreichen; bepflanzen
88 837 1301 908 Laub, entlauben; Blätter, entblättern; entdecken;
82 882 1300 955 reißen, entreißen; gehen, entgehen; entfliehen;
88 952 1294 1015 warm, erwärmen; bleich, erbleichen; erblaſſen;
84 1001 1279 1074 fragen, erfragen; leben, erleben; errathen;
88 1073 1312 1127 bieten, gebieten; horchen, gehorchen; geleiten;
93 1118 1349 1191 deuten, mißdeuten; brauchen, mißbrauchen; mißglücken;
84 1172 1343 1251 süß, verſüßen; dünn, verdünnen; verdichten;
72 1236 1373 1314 spielen, verspielen; blühen, verblühen; verhungern;
98 1292 1337 1403 brechen, zerbrechen; reißen, zerreißen; zerſtören.
619 1400 823 1495 106.
124 1480 1371 1562 Auf einem Bauernhofe ſieht man viele Thiere. Da
89 1581 1373 1636 laufen viele Hühner umher und picken die Körnchen
87 1623 1360 1701 auf. Die Küchlein werden von einer Henne geführt.
92 1677 1367 1769 Diese ſucht ihnen überall Nahrung. Wenn ſie ein Krüm=
95 1730 1364 1815 chen oder ein Körnchen gefunden hat, ruft ſie ſogleich
87 1814 1350 1877 die Küchlein. Geſchwind kommen die Kleinen herbei=
86 1857 1391 1924 gelaufen und picken die Krümchen und Körnchen auf.
104 1930 1377 1993 Des Abends verkriechen ſie ſich unter die Flügel ihrer
87 1967 1379 2059 Mutter. Auf dem Hofe ist auch ein Hahn. Er ist viel
107 2051 1348 2109 größer, als ein Huhn und hat auch ein ſchöneres Ge=
90 2077 1373 2162 fieder. In seinem Schwanze ſind zwei lange ſichel=
95 2147 1370 2233 förmige Federn. Auf dem Kopfe hat er einen fleiſchigen
93 2229 1352 2278 Kamm, und an jedem Fuße befindet sich ein Sporn.
98 2267 1365 2341 Des Morgens, noch ehe die Sonne aufgegangen ist,
96 2326 1367 2404 verkündet er schon den Tag. Dann ruft er: Kikeriki!
109 2383 1382 2486 Dadurch mahnt er die Leute, daß ſie aufſtehen ſollen.
