1506 2630
665 98 749 206 31
116 250 1350 340 Druck, Draht, Drache, Drescher; drei, drechſeln, drücken,
74 333 1341 413 drängen; Trost, Thran, Trank, Thräne, Traube, Träger,
69 408 1338 480 Treiber, Trichter; treu, träge, trübe, treten, trinken,
71 475 1347 550 tröſten, tränken, trauen, triefen; Gnade; Knopf, Knecht,
69 537 1338 615 Knabe, Knappe, Knochen; Knospe; knapp, knack; knüpfen,
62 614 1344 686 kniſtern, knarren, kneten, knurren, knallen, kneifen, knirſchen.
655 673 764 779 91.
119 732 1353 847 Die Sonne geht auf. Die Nacht ſchwindet. Die
73 829 1345 912 Vögel wachen auf und ſingen ihre Lieder. Sie danken
69 891 1349 971 Gott. Die Blumen öffnen ihre Kelche. Die Bienen
74 963 1352 1039 fliegen aus ihrem Korbe; ſie holen aus den Blüthen
76 1031 1348 1106 ſüßen Honig. Die Tauben fliegen auf das Feld. Sie
75 1098 1347 1186 suchen Erbsen, Linſen und Wicken. Der Hahn kündigt
66 1163 1350 1243 den Tag an und weckt die Menſchen. Dieſe wachen
68 1233 1351 1300 vom Schlafe auf. Sie beten zu Gott; sie danken ihm
82 1296 1274 1372 für die Ruhe der Nacht. Sie gehen an ihre Arbeit.
71 1369 1351 1444 Die Mutter kocht den Kaffee. Sie weckt mich, zieht
66 1431 1349 1505 mich an und betet mit mir. Dann gehe ich in die
81 1498 1349 1579 Schule und lerne fleißig. Des Mittags kehre ich nach
83 1565 1341 1642 Hause zurück. Jetzt ist die Sonne hoch am Himmel.
81 1642 1345 1710 Es ist warm; es ist wärmer, als am Morgen und am
69 1696 1350 1784 Abend. Am Abend geht die Sonne wieder unter; die
69 1770 1350 1843 Wolken färben sich. In der Luft tanzen Mücken; die
69 1830 1358 1927 Vögel singen ihr letztes Lied; die Menschen kehren von
79 1902 1358 2003 der Arbeit zurück. Sie ſind müde. Sie beten zu Gott
74 1968 666 2064 und legen ſich zur Ruhe.
655 2023 781 2139 92.
132 2099 1353 2196 Stab, Staub, Stuhl, Stand, Storch, Stern, Stein,
75 2189 1353 2267 Stoß, Stift, Stiel, Stirne, Stelze, Stengel, Stempel,
72 2246 1356 2319 Staude; ſtark, ſtolz, ſteif; ſtoßen, ſtürmen, ſtechen, ſtecken;
87 2305 1350 2393 Spaß, Spalt, Sporn, Spule, Speise, Spitze, Speiche,
77 2353 1352 2468 Spargel; ſpät, ſpitz; ſparen, ſpotten, ſpüren, ſpannen,
90 2423 452 2519 ſpalten, ſpaßen.
