1580 2628
724 127 821 225 20.
168 286 1355 504 56. U, Ue, V, W, Z.
347 495 1310 641 U, Ue, V. W, Z.
220 629 1411 723 Die Urne, eine Vaſe, ein Weber, der Weizen,
145 709 1418 794 eine Zange, der Zaum, der Raſen, ein Uebel, die
152 777 1415 872 Zeile, eine Scherbe, der Zunder, ein Löwe, der
145 844 1418 932 Purpur, der Gerber, eine Waiſe, der Zirkel, die
143 927 1420 1027 Uebung, ein Schurke, eine Ulme, die Zunge, der
139 990 1425 1093 Vater, eine Wunde, eine Zeile, die Weide, eine
148 1071 337 1174 Schule.
729 1155 845 1251 57.
214 1257 1412 1376 An der Schule, in der Schule, vor der Schule,
155 1338 1416 1443 hinter der Schule, neben der Schule, über der
161 1411 1420 1492 Schule, unter der Schule, aus der Schule; mit der
149 1489 1420 1584 Feder, mit der Feile, mit dem Beile, mit dem
153 1539 1413 1648 Zirkel, mit dem Haken, mit der Angel; aus Eiſen,
152 1628 1418 1715 aus Silber, aus Marmor, aus Leder, aus Purpur;
148 1683 1421 1789 im Hauſe, auf dem Tiſche, hinter dem Ofen, über
147 1766 1417 1850 den Hof, neben der Scheune, in dem Garten, an
146 1825 1415 1922 der Mauer, unter dem Baume, bei den Schafen,
146 1913 516 2001 über der Erde.
442 2004 1135 2139 58. If, lm, In, ls, lſch.
155 2125 1327 2225 Schilf, Wolf, Wölfe, Hülfe, helfen, hilf,
151 2204 1392 2300 half; Halm, Salm, Schelm, Halme, Salme,
146 2267 1402 2366 Schelme, Palme; Köln, ſchaufeln, handeln, ſäuseln,
146 2350 1378 2462 angeln, lächeln; Hals, Hälſe, Puls, Pulſe,
159 2407 1416 2524 Fels, Felſen, als; falſch, fälſchen, Fälſcher.
