1600 2626
642 102 931 223 — 30 —
215 244 1424 340 labt, tobt, lobt, webt, gibt, raubt, hebt, ſchreibt,
168 333 1421 406 ſchnaubt, ſchwebt, ſchwebte, ſchwebtet, ſchwebteſt, lebt,
159 391 1427 474 lebte, lebtet, lebteſt, liebt, liebte, liebtet, liebteſt; Haupt,
163 460 1432 554 Häupter; foppt, tappt, nippt, ſchleppt, ſchleppte, ſchlepptet,
169 536 411 632 ſchleppteſt.
741 622 852 728 89.
217 717 1437 826 Der Schäfer hütet die Schafe. An der Seite hat er
161 800 1433 898 eine Taſche von Leder. Darin iſt eine Flaſche mit
163 864 1363 957 Waſſer. Was hat er noch mehr in ſeiner Taſche?
171 935 1439 1033 Der Schäfer hat einen Hund. Der Hund läuft um die
164 1017 1439 1094 Herde. Geht ein Schaf von der Herde, dann bellt der
174 1062 1444 1179 Hund. Er jagt das Schaf zurück. — Die Schafe ſind
167 1128 1440 1227 nützlich. Sie liefern uns Wolle. Aus der Wolle macht
167 1226 1436 1307 man Tuch. Aus dem Tuche macht man Röcke und
169 1279 1445 1378 Hoſen. Der Metzger kauft die fetten Schafe. Er ſchlachtet
176 1352 1447 1451 ſie. Wir eſſen das Fleiſch. Aus der Haut macht man
166 1435 318 1535 Leder.
744 1503 865 1597 90.
219 1584 1425 1693 Blatt, Blech, Blick, Blitz, Blume, Blaſe; blond, bleich,
161 1668 1437 1768 blaß, blind, blöde; blitzen, bleichen, blaſen, bleiben;
166 1729 1443 1842 Plan, Platz, Planke; platt, plump; plandern, plätſchern,
172 1819 1442 1897 plätten; Glanz, Glied, Glück, Glaube, Glocke; glatt,
166 1880 1432 1965 gleich; glühen, glitſchen; Klotz, Klee, Klammer, Kloſter;
156 1948 844 2068 klein, klug; klettern, klingeln.
222 2031 1430 2138 Brod, Brett, Brief, Braten, Brücke; braun, breit,
170 2094 1432 2192 brav; brechen, brüllen, brauſen; Pracht, Prinz, Preis,
169 2172 1438 2264 Probe, Prügel; praſſen, prägen, prüfen, preiſen; Gras,
177 2244 1424 2332 Grimm, Grab, Gruß, Groſchen, Griffel; grau, grün
173 2318 1432 2411 groß, grob; grüßen, greifen; Kraut, Kropf, Krieg, Krone,
173 2387 1100 2495 Kragen; krank, kriechen, kriegen, kratzen.
