1524 2640
661 109 781 202 39
554 240 907 337 ch. Ch= k.
157 309 1364 394 Der Chor, ein Choral, die Chriſten, Chriſtus. Die
425 377 1363 469 oft im Chor einen Choral. Christine
102 386 430 470 Kinder ſingen
107 432 1362 524 und Chriſtian ſind Namen. Die Chriſten glauben an
107 498 807 595 Christus und folgen ihm nach.
449 572 1010 674 108. ph, Ph= f.
163 634 1361 724 Der Epheu, ein Sopha, die Strophe, der Triumph.
108 710 1366 793 Joſeph, Adolph, Philipp, Rudolph, Stephan und Sophie
114 789 1362 850 ſind Namen. Der Epheu bleibt das ganze Jahr grün.
120 828 1369 900 Ein Choral besteht aus mehren Strophen. Das Alphabet
121 894 603 981 hat viele Buchſtaben.
634 949 850 1046 ti = zi.
164 997 1365 1116 Die Nation, eine Portion, der Patient, eine Station,
120 1085 1378 1168 Pontius, eine Lection, die Auction. Die Deutschen bil=
111 1147 1377 1221 den eine Nation. Den Kranken nennt man auch Patient.
113 1202 1375 1292 An der Eiſenbahn ſind Stationen; hier halten die Züge still.
588 1342 891 1452 y, X.
614 1486 1098 1597 x. X = ks.
186 1555 1377 1664 Eine Axt, die Achſel, die Taxe, die Hexe, Xaverius,
114 1640 1384 1731 Xanten, die Eidechſe, Taxus. Der Holzhauer braucht
132 1698 1395 1791 die Axt. Der Taxus iſt ein Baum. Aus Flachs ſpinnt
127 1756 1389 1853 man Garn. Man muß die Taxe bezahlen. Lanten ist
129 1816 1282 1925 eine Stadt. Max, Felix und Xaver ſind Namen.
619 1962 931 2071 y, Y.
671 2137 1033 2227 y, Y = i.
187 2202 1383 2291 Der Syrup, ein Tyrann, Tyrol, die Yſſel; Cyrus,
139 2258 1391 2344 Carl, Christoph. Der Syrup ist süß. Die Yssel ist ein
139 2339 1409 2417 Fluß. Ypſilon ist ein Buchſtabe. Cypern und Ceylon
144 2404 415 2492 ſind Inſeln.
