1490 2382
805 157 842 183 38

242 251 351 291 einem
380 253 513 291 kleinen
543 251 711 302 Mädchen
740 264 795 292 an.
851 252 925 292 Sie
958 254 1029 302 legt
1059 255 1121 293 das
1149 252 1239 293 Geld
1265 254 1335 302 ihm
1368 254 1406 292 in

244 306 306 343 den
333 304 423 355 Hut.
482 301 662 353 Mathilde
691 305 733 355 iſt
769 305 848 355 recht
882 305 962 344 brav
992 301 1063 344 und
1094 309 1165 355 gut.
1216 305 1273 345 Sie
1275 301 1406 355 zieht

240 368 284 407 zu
312 354 414 407 Haus
443 360 500 396 der
529 356 651 408 Puppe
685 360 774 396 dann
812 361 872 396 das
906 359 973 396 alte
1003 354 1169 408 Röckchen
1196 358 1314 397 wieder
1323 354 1403 397 an.

702 418 761 446 Wer
780 418 846 445 Gutes
848 418 946 450 thut,

702 453 745 485 hat
764 453 848 486 frohen
867 449 942 480 Mut.

241 807 372 856 ſagten:
404 801 566 855 „Guten
582 801 748 846 Abend!“
783 801 842 845 Der
844 802 1006 856 Fremde
1010 801 1149 857 grüßte
1152 808 1225 857 ſie
1241 801 1315 857 auch
1330 811 1401 846 und

241 860 368 908 fragte:
389 858 572 909 „Welcher
586 858 678 908 Weg
697 859 791 910 führt
810 859 887 909 nach
907 861 962 897 der
978 858 1148 898 Stadt?“
1166 856 1238 898 Die
1258 856 1401 899 Knaben

240 912 373 964 ſagten:
386 912 481 964 „Der
483 908 578 961 zur
580 908 709 964 linken
723 911 864 961 Hand.“
883 910 1047 964 Sogleich
1064 912 1189 962 verließ
1209 912 1260 950 ein
1282 911 1401 951 Knabe

241 965 302 1001 das
318 962 428 1012 Spiel
455 966 525 1002 und
554 963 636 1012 ging
656 965 688 1012 ſo
708 963 786 1002 weit
813 964 877 1003 mit
892 967 966 1002 dem
985 963 1156 1012 Fremden,
1157 964 1251 1012 bis
1271 976 1306 1003 er
1327 964 1399 1012 ihm

239 1017 303 1053 den
330 1011 398 1056 Weg
402 1011 587 1066 deutlich
616 1011 729 1065 zeigen
756 1016 885 1055 konnte.

627 1085 721 1121 Höflich
739 1092 775 1112 und
777 1085 941 1121 beſcheiden
960 1085 1019 1119 ſein,

627 1120 699 1154 ſtehet
717 1121 781 1147 allen
799 1120 912 1148 Kindern
932 1120 989 1153 fein.

554 573 626 623 94.
660 575 715 622 Die
719 574 942 633 höflichen
973 575 1147 623 Knaben.

298 649 368 688 Ein
395 648 559 699 Fremder
579 649 661 699 ging
690 650 782 700 durch
811 650 865 688 ein
896 650 1006 700 Dorf.
1067 648 1228 699 Mehrere
1260 649 1404 690 Knaben

241 702 382 754 ſpielten
405 697 459 740 im
474 697 596 754 Wege.
643 697 693 754 Als
695 697 787 741 der
806 701 929 752 Fremde
933 697 1073 754 näher
1094 697 1175 750 kam,
1197 705 1236 741 da
1256 704 1403 753 machten

242 754 293 792 die
313 753 455 793 Knaben
476 753 582 801 Platz.
632 753 704 793 Sie
733 756 878 801 grüßten
902 757 966 792 den
986 753 1083 792 Mann
1088 755 1311 801 freundlich
1331 752 1400 794 und

605 1233 675 1283 95.
711 1235 1032 1282 Kletterbüblein.

291 1312 415 1358 ein
443 1311 500 1350 Büblein
528 1309 687 1349 auf
724 1310 783 1358 den
811 1313 872 1347 Baum,
904 1309 1044 1358 o
285 1304 1401 1358 Steigt
1087 1310 1166 1358 ſo
1195 1309 1280 1358 hoch,
1314 1321 1396 1348 man

240 1350 323 1413 ſieht
340 1350 398 1403 es
414 1364 531 1411 kaum;
561 1362 701 1411 ſchlüpft
730 1350 794 1399 von
823 1361 885 1410 Aſt
912 1373 954 1411 zu
972 1350 1123 1411 Äſtchen,
1137 1350 1292 1412 ſchlüpft
1318 1373 1396 1411 zum

239 1410 511 1467 Vogelneſtchen.
552 1410 635 1464 Hei,
656 1410 706 1452 da
721 1413 803 1463 lacht
831 1419 886 1462 es;
918 1413 961 1461 ei,
983 1416 1026 1453 da
1043 1410 1146 1464 kracht
1157 1410 1213 1462 es;
1241 1410 1394 1463 plumps,

237 1472 278 1515 da
298 1469 387 1519 liegt
414 1474 453 1507 es
481 1470 640 1506 drunten.

320 1607 390 1655 96.
423 1609 526 1655 Wenn
528 1606 644 1654 die
675 1605 822 1653 Kinder
853 1606 925 1652 das
958 1604 1165 1664 Mäuschen
1165 1606 1323 1663 ſehen.

184 1685 218 1723 1.
235 1683 438 1730 Mäuschen,
463 1681 669 1730 Mäuschen,

233 1737 308 1785 lauf
326 1735 363 1774 in
371 1730 461 1773 dein
476 1733 669 1784 Häuschen,

233 1783 345 1838 ſpring
364 1787 390 1825 in
391 1785 498 1825 dein
513 1785 602 1838 Loch,

234 1841 321 1890 ſonſt
339 1840 443 1878 kommt
447 1838 531 1877 die
545 1837 641 1887 Katze

235 1896 300 1932 und
320 1894 401 1943 fängt
404 1890 502 1941 dich
521 1890 605 1940 doch.

815 1681 848 1717 2.
866 1678 980 1726 Grau,
998 1691 1084 1728 grau
1099 1675 1302 1728 Mäuschen,

864 1731 951 1769 bleib
969 1727 1011 1769 in
1023 1732 1156 1770 deinem
1170 1727 1365 1782 Häuschen;

865 1783 954 1834 frißt
972 1785 1017 1822 du
1035 1783 1105 1822 mir
1118 1780 1210 1822 mein
1227 1780 1445 1833 Butterbrot,

867 1837 988 1873 kommt
995 1835 1045 1872 die
1050 1835 1141 1884 Katz'
1148 1839 1214 1873 und
1221 1837 1309 1886 beißt
1317 1838 1379 1886 dich
1387 1842 1446 1876 tot.

865 1886 979 1934 Grau,
997 1900 1083 1936 grau
1098 1885 1302 1936 Mäuschen,

864 1939 948 1978 bleib
964 1936 1009 1978 in
1017 1940 1147 1980 deinem
1164 1936 1357 1992 Häuschen.
