1490 2371
813 154 850 182 26

201 1119 255 1155 63.

211 1508 265 1545 64.

217 1806 269 1842 65.

190 602 242 639 62.

257 259 425 318 Siegel;
458 257 531 311 dir,
552 255 644 319 mir,
669 254 756 319 wir,
761 253 873 319 nie;
898 251 983 319 wie,
984 250 1112 319 hier,
1126 248 1202 319 ihr,
1225 243 1307 317 ihn,
1323 247 1422 319 ihm,

257 305 364 374 viel
378 305 526 373 vieles,
542 305 707 370 vielem;
738 305 878 373 liegen,
887 305 1070 370 wiegen,
1102 310 1240 359 dienen,
1243 305 1421 369 ziehen.

773 487 816 552 ä,
855 487 929 555 äh.

264 589 373 641 Rad,
393 587 564 642 Räder;
594 584 723 642 Thal,
747 583 930 640 Thäler;
965 582 1096 634 Saal,
1113 578 1251 644 Säle;
1282 578 1423 644 Kahn,

265 632 454 702 Kähne;
461 632 652 702 Zahn,
654 632 846 702 Zähne;
900 632 1043 702 Hahn,
1087 632 1266 701 Hähne;
1285 637 1427 702 Bär,

266 695 396 765 Ähre,
414 695 577 766 Zähre,
592 695 774 762 Mähre;
804 695 852 737 —
879 695 1038 764 zählen,
1057 695 1232 761 waͤhlen,
1250 695 1426 761 gähnen,

269 772 450 833 zähmen,
486 770 661 827 nähren.

359 848 431 882 Das
454 847 534 886 Rad,
558 846 601 880 die
625 839 753 886 Rä⸗-der;
777 854 805 877 u.
829 843 846 885 ſ.
869 850 904 876 w.

775 1000 817 1066 ö,
854 999 925 1068 öh.

277 1104 392 1156 Ton,
433 1102 580 1156 Toͤne;
631 1099 784 1156 Thon;
837 1093 992 1152 Schoß,
1049 1091 1234 1156 Schoͤße;
1286 1090 1434 1156 Sohn,

277 1150 462 1220 Soöhne;
499 1150 606 1220 Ohr,
674 1150 799 1209 Löwe,
838 1150 1025 1217 Möhre,
1080 1150 1244 1213 Röhre;
1303 1153 1434 1211 ſchön,

277 1226 457 1284 ſchöner;
480 1223 620 1282 hören,
645 1222 802 1278 mögen.

794 1391 843 1456 ü,
880 1389 959 1457 üh.

287 1493 394 1552 Fuß,
435 1490 580 1554 Fuͤße;
602 1489 735 1554 Hut,
765 1487 899 1554 Hüte;
941 1486 1055 1554 Kuh,
1101 1483 1243 1554 Kühe;
1287 1481 1440 1554 Huhn,

285 1540 484 1614 Huͤhner;
513 1540 664 1617 Thür;
696 1540 797 1608 fuͤr,
810 1540 945 1601 müde,
979 1540 1101 1604 kühn,
1135 1540 1252 1603 kuͤhl;
1284 1542 1441 1601 fühlen,

284 1610 445 1676 führen,
477 1610 651 1669 rühren.

353 1788 434 1838 Die
465 1787 616 1850 Ziege
641 1786 714 1843 hat
752 1785 872 1850 lange
904 1781 1075 1850 Haare.
1120 1779 1208 1850 Die
1239 1779 1339 1850 Kuh
1340 1778 1448 1850 hat

289 1835 410 1901 keine
420 1835 573 1906 lange
578 1835 736 1906 Haare.
784 1835 873 1906 Der
880 1835 1025 1906 Lowe
1023 1841 1131 1906 hat
1164 1840 1245 1906 eine
1266 1838 1446 1906 Mähne.

291 1895 385 1961 Der
414 1895 545 1967 Tiger
592 1895 668 1962 hat
708 1905 780 1953 ein
813 1904 977 1968 ſchoönes
1019 1895 1124 1968 Fell.
1185 1901 1274 1968 Der
1314 1899 1447 1968 Hahn

292 1956 373 2033 hat
398 1956 514 2020 einen
546 1956 667 2017 roten
682 1956 863 2017 Kamm.
901 1962 984 2012 Die
1005 1956 1139 2022 Hähne
1142 1960 1296 2020 beißen
1297 1956 1448 2018 ſich.
