1530 2364
669 168 706 196 35

47 1416 99 1453 88.

157 261 221 303 Wie
225 263 311 314 iſt
339 264 391 303 die
420 263 574 304 Kreide?
620 263 685 306 Wie
690 265 775 314 iſt
804 267 861 305 der
880 264 993 306 Klee?
1039 266 1103 308 Wie
1106 268 1192 316 iſt
1223 268 1277 306 die

108 314 245 370 Milch?
264 308 357 370 Wie
361 317 455 370 iſt
484 317 536 356 die
567 317 699 366 Tafel?
752 308 829 359 Was
831 318 927 369 für
929 318 1047 358 eine
1079 308 1188 369 Farbe
1220 320 1279 368 hat

107 371 165 406 das
195 368 317 408 Gold?
355 368 429 410 Was
432 365 539 417 für
567 369 638 409 eine
659 370 770 417 Farbe
792 370 851 417 hat
887 365 950 410 das
979 365 1144 412 Silber?
1193 365 1280 414 Wie

107 420 146 471 iſt
179 424 240 460 das
262 420 422 471 Kupfer?

161 497 211 526 Die
228 499 319 527 Kreide
339 499 369 533 iſt
388 500 460 535 weiß.
501 501 531 529 U.
551 501 568 535 ſ.
588 506 619 529 w.

110 796 221 847 jung?
276 797 351 837 Die
383 798 498 848 Kugel
510 795 569 848 iſt
594 802 694 838 rund.
753 798 827 840 Was
830 799 910 850 iſt
906 795 1062 849 eckig?

165 866 218 894 Der
235 867 324 901 Zucker
343 867 373 901 iſt
392 867 446 902 ſüß,
467 868 530 895 aber
548 868 591 895 der
610 867 677 902 Eſſig
698 867 727 902 iſt
745 867 826 901 ſauer.
864 867 895 896 U.
915 867 932 901 ſ.
952 873 984 896 w.

161 586 241 626 Der
268 587 395 641 Zucker
423 589 465 638 iſt
493 590 574 640 ſüß.
625 588 719 631 Was
748 589 791 639 iſt
827 589 953 638 ſauer?
1010 590 1073 630 Das
1075 590 1192 631 Blei
1195 591 1284 641 iſt

109 640 245 693 ſchwer.
288 640 362 682 Was
364 642 469 691 iſt
498 638 636 691 leicht?
693 638 779 681 Das
809 641 875 681 Eis
912 642 955 690 iſt
986 643 1059 693 feſt.
1113 643 1185 684 Was
1187 638 1284 693 iſt

111 692 253 743 flüſſig?
295 693 375 732 Der
391 693 488 733 Mann
493 694 587 743 iſt
606 696 703 743 groß.
742 694 811 735 Wer
814 695 901 743 iſt
930 691 1049 734 klein?
1084 696 1168 735 Das
1187 691 1281 735 Kind

110 744 151 798 iſt
177 745 322 798 ſchwach.
371 745 441 787 Wer
444 747 534 797 iſt
560 742 675 794 ſtark?
708 746 788 785 Der
807 742 920 786 Greis
946 747 990 797 iſt
1018 748 1077 786 alt.
1124 747 1192 789 Wer
1194 747 1286 798 iſt

166 954 225 1005 Iſt
244 960 305 994 das
321 955 430 1005 Pferd
460 956 597 1005 ſchwach
618 958 693 994 oder
711 954 823 1005 ſtark?
880 955 942 1005 Iſt
969 958 1025 994 der
1043 956 1118 1005 Ochs
1122 956 1287 1005 ſchlank

115 1002 206 1047 oder
215 1002 367 1054 plump?
418 1002 481 1054 Iſt
496 1002 578 1046 der
586 1002 695 1054 Bach
716 1002 853 1054 ſchmal
877 1002 955 1046 oder
983 1002 1113 1047 breit?
1140 1002 1201 1054 Iſt
1228 1011 1287 1047 der

117 1055 267 1110 Knochen
295 1055 391 1112 weich
422 1055 502 1099 oder
531 1059 632 1108 hart?
665 1055 739 1109 Iſt
743 1055 802 1112 der
821 1058 931 1112 Hund
951 1062 1055 1099 dumm
1056 1063 1162 1099 oder
1179 1055 1286 1110 klug?

117 1112 176 1163 Iſt
203 1113 253 1150 die
283 1111 378 1162 Katze
413 1116 492 1151 treu
522 1114 598 1150 oder
634 1111 760 1162 falſch?
816 1110 878 1153 Iſt
904 1112 1018 1151 reines
1046 1112 1185 1164 Waſſer
1215 1114 1289 1152 klar

117 1161 191 1204 oder
218 1164 347 1204 trübe?

172 1243 231 1271 Das
251 1243 328 1277 Pferd
349 1243 379 1276 iſt
397 1243 463 1277 nicht
482 1243 594 1277 ſchwach,
614 1242 719 1276 ſondern
737 1241 809 1275 ſtark.
846 1242 877 1270 U.
897 1242 914 1277 ſ.
934 1247 967 1271 w.

172 1418 245 1458 Die
272 1417 362 1467 Feder
366 1418 452 1466 iſt
479 1417 602 1465 länger
631 1418 685 1456 als
719 1420 774 1455 der
802 1415 949 1469 Griffel.
1004 1416 1076 1456 Die
1107 1417 1197 1468 Tafel
1199 1417 1291 1468 iſt

123 1472 241 1521 größer
261 1464 315 1509 als
331 1473 393 1508 das
409 1464 512 1519 Heft.
549 1464 632 1519 Der
651 1469 737 1508 Baum
740 1469 841 1519 iſt
856 1464 956 1516 höher
977 1469 1032 1507 als
1052 1472 1107 1507 der
1122 1464 1287 1519 Strauch.

122 1519 199 1562 Der
214 1522 340 1562 Stamm
342 1522 422 1567 iſt
419 1522 558 1561 dicker
590 1523 644 1560 als
668 1524 723 1560 der
746 1521 821 1567 Aſt.
860 1521 920 1559 Der
923 1521 1013 1567 Aſt
1008 1521 1090 1567 iſt
1112 1522 1210 1561 dicker
1232 1523 1288 1561 als

122 1577 176 1614 der
203 1574 337 1624 Zweig.
394 1574 471 1614 Die
496 1573 619 1624 Straße
624 1573 707 1624 iſt
739 1573 862 1612 breiter
889 1573 945 1612 als
974 1576 1028 1611 der
1057 1572 1159 1624 Pfad.
1210 1574 1292 1613 Der

123 1627 218 1678 Fluß
220 1623 287 1676 iſt
311 1623 436 1665 breiter
465 1628 538 1665 und
566 1623 680 1678 tiefer
692 1626 746 1665 als
767 1629 823 1664 der
848 1625 950 1676 Bach.
1000 1625 1083 1664 Das
1111 1626 1204 1676 Schaf
1207 1626 1292 1677 iſt

126 1675 210 1719 älter
236 1682 305 1718 und
334 1681 458 1730 größer
488 1679 546 1717 als
573 1681 635 1717 das
663 1677 796 1718 Lamm.

177 1784 251 1822 Die
271 1784 396 1830 Biene,
418 1783 471 1822 die
498 1782 619 1831 Fliege
641 1788 711 1821 und
739 1782 791 1820 die
820 1781 943 1821 Mücke
963 1782 1034 1831 ſind
1050 1781 1166 1822 Tiere.
1213 1782 1289 1821 Die

125 1836 237 1876 Biene
258 1836 312 1884 iſt
346 1828 456 1884 klein;
495 1828 549 1874 die
577 1828 696 1884 Fliege
728 1834 770 1883 iſt
803 1835 880 1883 noch
909 1828 1048 1882 kleiner;
1090 1834 1140 1872 die
1167 1833 1291 1874 Mücke

127 1889 166 1935 iſt
194 1901 248 1927 am
282 1882 455 1935 kleinſten.
514 1882 601 1926 Die
618 1882 710 1935 Kuh,
744 1889 806 1925 das
835 1885 941 1935 Pferd
975 1889 1044 1925 und
1077 1889 1136 1925 das
1168 1885 1291 1926 Kamel

127 1935 199 1990 ſind
227 1941 301 1990 auch
329 1935 446 1981 Tiere.
502 1939 579 1978 Die
600 1938 676 1987 Kuh
700 1938 745 1987 iſt
775 1935 879 1989 groß;
912 1940 975 1976 das
1003 1937 1109 1988 Pferd
1144 1939 1184 1989 iſt
1213 1940 1291 1989 noch

128 1986 261 2044 größer;
291 1986 353 2032 das
375 1992 501 2032 Kamel
527 1991 568 2040 iſt
592 2003 645 2030 am
671 1986 843 2041 größten.
864 1990 937 2029 Die
957 1986 1075 2037 Nelke,
1100 1986 1166 2030 die
1172 1986 1289 2042 Tulpe
