1484 2358
663 134 701 162 39

384 230 453 279 97.
486 226 618 279 Knabe
649 233 726 279 und
759 232 978 293 Hündchen.

256 797 376 845 getroſt
391 797 430 835 in
444 800 507 835 das
523 797 628 845 tiefſte
643 798 782 848 Waſſer
796 795 956 848 ſpringen

256 852 325 904 und
341 849 459 904 ſchnell
479 852 544 904 das
556 849 706 904 Verlorne
709 847 859 890 wieder
873 847 1024 902 bringen.

256 900 317 939 Der
319 896 454 939 Knabe
458 903 528 950 ſah
531 901 655 952 ſeine
673 902 750 952 Luſt
771 906 888 950 daran,

256 953 359 991 lernt'
380 954 456 1003 auch
471 949 541 992 und
561 949 672 993 wurde
692 949 747 992 ein
766 956 880 1003 kluger
900 956 1033 996 Mann.

151 316 291 356 Knabe:
330 316 458 375 Komm
460 330 565 375 nun,
589 319 685 375 mein
688 319 901 375 Hündchen,
924 334 965 372 zu
988 322 1114 361 deinem
1130 323 1262 374 Herrn,

331 371 515 420 ordentlich
538 374 632 420 gerade
636 373 765 421 ſitzen
780 373 890 412 lerne!

93 437 298 489 Hündchen:
333 440 400 490 Ach,
403 441 492 491 ſoll
508 440 550 491 ich
564 441 656 491 ſchon
671 443 791 480 lernen
807 454 856 481 und
858 444 951 482 bin
967 446 1000 492 ſo
1016 445 1121 492 klein;

330 505 348 531 o
368 493 429 542 laß
447 499 484 531 es
502 494 573 542 doch
588 493 662 532 noch
679 494 733 532 ein
747 494 924 542 Weilchen
938 496 1026 542 ſein!

169 561 303 600 Knabe:
334 562 443 609 Nein,
444 562 646 618 Hündchen,
649 571 716 611 es
732 565 807 618 geht
823 578 841 603 am
843 567 1003 615 beſten
1017 567 1113 617 früh;

334 618 425 654 denn
441 616 552 665 ſpäter
565 617 670 667 macht
685 623 721 655 es
741 617 793 655 dir
816 620 916 667 große
931 618 1057 667 Müh'!

255 691 341 730 Das
357 691 521 742 Hündchen
523 693 684 740 lernte,
705 695 781 734 bald
802 695 905 734 war's
927 696 1098 746 geſcheh'n,

255 746 295 781 da
315 746 418 799 konnt'
421 745 484 783 es
499 746 590 799 ſchon
606 747 702 799 ſitzen
713 750 782 785 und
799 742 945 798 aufrecht
960 742 1066 798 geh'n,

298 1117 371 1165 98.
405 1118 642 1178 Sprüchlein
675 1134 761 1181 zum
792 1121 1064 1182 Namenstage.

258 1204 332 1260 Was
334 1205 430 1260 ſoll
444 1206 489 1260 ich
506 1207 556 1244 dir
575 1208 685 1260 ſagen,
706 1217 758 1246 was
761 1209 856 1259 ſoll
871 1209 915 1259 ich
931 1209 982 1247 dir
998 1211 1124 1259 geben?

258 1256 323 1311 Ich
326 1257 413 1311 hab'
429 1258 486 1311 ein
500 1260 534 1311 ſo
549 1255 686 1304 kleines,
706 1261 739 1309 ſo
756 1255 880 1310 junges
894 1255 1017 1310 Leben;

258 1309 303 1364 ich
312 1309 398 1364 habe
415 1310 470 1364 ein
484 1310 662 1364 Herzchen,
679 1306 739 1350 das
756 1306 852 1351 denkt
866 1325 915 1351 und
918 1306 1082 1364 ſpricht:

259 1360 324 1412 Ich
340 1362 419 1410 habe
436 1357 505 1409 dich
517 1357 602 1410 lieb,
610 1387 660 1391 —
675 1364 748 1411 mehr
752 1365 845 1403 weiß
847 1365 929 1415 ich
946 1357 1046 1416 nicht.

324 1526 395 1575 99.
430 1529 512 1575 Was
515 1530 615 1576 das
618 1529 889 1586 Chriſtkind
926 1531 1065 1590 bringt.

102 1614 175 1668 Ein
193 1613 378 1668 Räppchen
406 1627 484 1665 zum
508 1615 647 1668 Reiten,
679 1616 734 1655 ein
763 1616 946 1667 Püppchen
970 1630 1045 1667 zum
1064 1618 1217 1667 Kleiden,

105 1666 161 1705 ein
188 1663 390 1722 Kütſchlein
409 1663 486 1722 zum
514 1667 660 1722 Fahren,
698 1669 753 1707 ein
766 1663 983 1722 Büchslein
1000 1682 1075 1719 zum
1106 1663 1262 1721 Sparen,

105 1731 181 1769 zum
207 1718 336 1772 Kochen
364 1720 418 1758 ein
441 1719 616 1769 Küchlein,
647 1732 722 1770 zum
731 1719 863 1770 Leſen
866 1718 945 1760 ein
978 1718 1156 1772 Büchlein,

105 1766 195 1824 viel
194 1766 323 1810 Steine
352 1784 428 1821 zum
455 1766 595 1824 Bauen,
626 1766 695 1811 viel
721 1766 828 1822 Äpfel
852 1785 929 1822 zum
954 1766 1085 1822 Kauen,

106 1824 162 1861 ein
176 1822 340 1873 Geiglein
353 1818 433 1873 zum
446 1818 604 1874 Greifen,
628 1825 682 1863 ein
697 1818 864 1873 Flötlein
873 1837 949 1873 zum
969 1818 1119 1874 Pfeifen,

108 1875 162 1913 ein
180 1872 366 1914 Glöcklein
377 1887 454 1926 zum
474 1872 623 1926 Klingen
642 1872 760 1915 wird's
788 1872 976 1927 Chriſtkind
996 1872 1061 1917 mir
1083 1880 1233 1930 bringen.
