1491 2369
795 154 833 179 46

669 249 764 296 100.
779 249 952 296 Gebete.

410 332 445 369 1.
469 328 736 377 Jeſuskindchen
764 327 861 374 klein,

469 382 559 429 mach
588 380 682 419 mein
708 379 864 429 Herzchen
865 378 988 425 rein,

469 435 531 484 laß
547 427 719 471 niemand
719 427 824 485 drin
851 430 996 485 wohnen

471 481 528 525 als
555 485 667 534 Jeſus
696 484 807 522 allein.
865 484 992 522 Amen.

408 558 444 595 2.
470 555 549 605 Ach,
580 557 598 593 du
601 554 755 593 liebes
782 552 982 606 Jeſuskind,

471 600 559 656 mach
588 606 668 656 mich
696 607 832 656 fromm,
829 600 906 658 wie
908 607 970 643 du
974 604 1170 658 geſinnt,

470 654 554 708 führ
581 670 657 708 zum
658 654 793 696 lieben
818 656 907 696 Gott
937 656 1016 706 mich
1020 656 1114 709 ein,

470 704 532 762 laß
561 704 642 759 mich
673 710 754 759 ewig
782 709 831 748 bei
859 709 910 746 dir
939 704 1029 758 ſein!

406 783 442 820 3.
473 780 578 830 Herr,
608 779 700 818 mein
728 778 822 832 Gott,
821 778 902 832 ich
923 777 1010 829 fleh'
1032 789 1068 832 zu
1068 777 1170 825 dir,

472 829 560 881 mach
590 832 646 870 ein
673 832 768 881 gutes
796 830 888 869 Kind
918 835 982 868 aus
1011 829 1096 877 mir;

471 888 541 923 und
549 878 663 933 ſollte
674 878 733 932 ich
761 882 845 931 nicht
873 883 1018 932 folgſam
1037 883 1178 935 werden,

470 939 505 987 ſo
536 931 632 974 nimm
632 931 750 985 mich
769 931 881 973 lieber
889 931 957 972 von
976 937 1032 972 der
1048 932 1179 972 Erden!

401 1008 440 1046 4.
471 1005 630 1054 Heiliger
657 997 877 1053 Schutzengel
904 1003 1008 1050 mein,

472 1051 532 1108 laß
561 1051 641 1104 mich
669 1056 719 1108 dir
718 1051 944 1108 anbefohlen
957 1054 1062 1108 ſein!

473 1104 520 1151 In
520 1104 652 1147 allen
678 1107 794 1146 Nöten
821 1107 886 1157 ſteh
908 1107 985 1145 mir
1012 1107 1063 1145 bei

473 1164 542 1200 und
557 1161 629 1208 halt
645 1160 734 1198 mein
748 1154 836 1208 Herz
852 1154 918 1197 von
933 1159 1063 1198 Sünden
1067 1158 1180 1208 frei.

475 1214 522 1251 An
523 1213 683 1260 dieſem
710 1212 787 1260 Tag,
791 1212 869 1260 ich
897 1211 980 1249 bitte
1009 1211 1089 1260 dich,

472 1260 637 1316 beſchütze,
667 1264 753 1310 leite,
782 1264 905 1312 regiere
926 1263 1024 1313 mich!
1054 1263 1181 1303 Amen.

639 1378 674 1415 5.
703 1376 776 1415 Am
804 1375 996 1424 Morgen.

448 1447 543 1486 Mein
544 1446 680 1494 Gott,
706 1447 844 1485 vorüber
870 1446 911 1494 iſt
939 1446 990 1484 die
1018 1445 1138 1494 Nacht,

447 1501 571 1549 geſund
600 1502 668 1537 und
696 1498 768 1548 froh
798 1498 842 1536 bin
842 1498 926 1547 ich
956 1499 1111 1548 erwacht;

447 1551 565 1598 behüte
592 1554 638 1589 du
658 1551 741 1600 mich
770 1550 877 1600 dieſen
906 1550 997 1599 Tag,

444 1600 512 1654 daß
541 1603 585 1652 ich
614 1603 719 1653 nichts
748 1602 870 1653 Böſes
888 1603 1019 1641 lernen
1037 1614 1128 1652 mag.

661 1718 694 1754 6.
725 1715 795 1755 Am
824 1716 975 1758 Abend.

449 1784 545 1834 Herr
567 1785 667 1838 Jeſu,
696 1784 746 1823 dir
753 1784 894 1838 befehl'
905 1784 976 1838 ich
997 1784 1089 1838 mich,

450 1837 571 1882 woll'ſt
599 1837 678 1882 mich
707 1836 848 1882 behüten
862 1836 1075 1882 gnädiglich.

450 1888 522 1936 Laß
552 1885 646 1927 deine
671 1893 785 1928 treuen
814 1885 996 1936 Engelein,

450 1935 549 1979 indes
568 1941 612 1989 ich
633 1942 766 1992 ſchlafe,
780 1941 829 1978 bei
847 1935 915 1981 mir
935 1941 1026 1990 ſein.
1061 1937 1186 1980 Amen.
