1476 2369
810 159 847 188 32

173 1239 227 1276 81.

173 1825 226 1861 82.

170 688 224 725 80.

245 257 343 308 wirft
376 257 426 295 die
451 255 587 295 Körner
614 258 674 307 auf
706 257 756 295 die
784 256 882 308 Erde.
927 257 1007 296 Der
1038 256 1169 307 hübſche
1203 257 1308 307 Hahn
1335 258 1407 306 holt

246 303 321 348 die
332 308 482 359 Hühner
529 303 668 357 herbei.
706 308 789 350 Wie
824 305 903 360 ruft
938 312 995 347 der
1030 303 1166 358 Hahn?
1199 303 1249 337 —
1270 303 1407 360 Kennſt

246 365 290 400 du
315 362 389 411 auch
410 361 579 414 Rätſel?
604 361 757 411 Welcher
770 360 877 410 Hahn
878 358 982 414 kann
982 361 1110 411 nicht
1137 361 1263 413 rufen?
1300 358 1408 413 Hörſt

246 417 291 453 du
323 425 403 463 gern
431 413 587 464 Rätſel?
608 414 707 453 Dann
711 417 831 452 rate
860 413 1003 452 einmal:

581 491 688 523 Welcher
707 492 789 525 Vogel
808 492 851 525 hat
869 491 933 519 keine
952 492 1053 525 Feder?

579 526 673 560 Welche
691 522 783 560 Mühle
801 522 844 560 hat
863 527 944 553 keinen
956 522 1053 560 Bach?

248 788 307 831 In
330 783 385 826 der
399 783 528 839 Kirche
547 789 618 837 ſind
649 787 781 837 Altäre,
812 788 885 826 eine
908 783 1053 837 Kanzel,
1085 783 1163 827 eine
1191 783 1308 838 Orgel
1326 783 1407 827 und

248 841 331 880 viele
350 835 504 880 Bänke.
526 835 620 881 Was
648 840 688 890 iſt
716 835 775 890 auf
802 844 874 878 dem
900 835 1062 880 Turme?
1112 840 1184 881 Was
1186 835 1338 890 hängt
1357 841 1407 880 im

248 892 408 933 Turme?
437 916 490 921 —
516 892 550 934 In
552 895 646 931 der
649 891 804 942 Kirche
845 893 942 931 beten
978 892 1052 930 wir.
1106 892 1139 935 In
1143 896 1246 931 der
1274 893 1406 943 Schule

248 946 350 998 lernſt
378 947 434 983 du.
476 945 537 998 Der
540 944 691 998 Lehrer
717 944 814 992 lehrt.
858 944 910 998 Du
904 945 1029 998 gibſt
1059 945 1136 995 acht,
1167 948 1209 984 du
1237 945 1324 994 hörſt
1325 941 1405 998 zu,

250 1000 294 1036 du
321 993 451 1046 horchſt.
498 997 545 1045 Du
549 997 688 1047 thuſt,
718 1006 769 1034 was
771 1000 852 1035 der
855 996 991 1044 Lehrer
994 993 1114 1047 ſagt,
1136 1000 1178 1036 du
1204 998 1306 1047 folgſt
1322 993 1402 1046 ihm.

249 1049 291 1088 Du
294 1043 440 1100 folgſt
469 1043 546 1100 auch
577 1043 696 1088 deinen
726 1049 856 1088 Eltern.

297 684 376 723 Der
403 683 480 724 Berg
481 684 575 733 iſt
602 683 687 732 hoch.
738 683 819 736 Der
828 682 966 736 Hügel
998 683 1039 730 iſt
1074 684 1160 734 nicht
1187 684 1269 735 hoch.
1332 685 1407 725 Die

247 736 360 786 Kirche
391 736 447 785 hat
482 731 582 774 einen
615 731 740 788 Turm.
792 731 958 788 Mancher
989 736 1086 776 Turm
1084 731 1173 785 iſt
1169 731 1285 785 ſehr
1295 737 1406 787 hoch.

303 1232 382 1272 Der
404 1232 497 1282 Kopf
520 1243 569 1271 und
599 1233 669 1270 der
691 1231 765 1280 Hals
767 1232 876 1281 ſind
896 1230 999 1271 Teile
1020 1231 1134 1269 deines
1153 1231 1279 1272 Leibes.
1336 1231 1410 1270 Die

250 1284 438 1332 Schultern
464 1280 547 1332 ſind
582 1285 657 1332 auch
689 1283 788 1323 Teile
822 1286 879 1321 des
911 1282 1041 1323 Leibes.
1100 1284 1133 1322 An
1136 1288 1230 1322 der
1234 1283 1409 1332 rechten

250 1330 413 1384 Schulter
431 1330 483 1386 iſt
494 1340 551 1375 der
569 1330 668 1386 rechte
687 1335 784 1374 Arm.
823 1335 857 1374 An
859 1338 938 1374 der
943 1336 1093 1374 linken
1109 1335 1252 1386 Schulter
1255 1335 1327 1382 iſt
1336 1330 1407 1374 der

249 1389 335 1428 linke
363 1385 463 1428 Arm.
516 1389 550 1427 An
553 1391 664 1427 den
683 1388 786 1427 Armen
789 1388 907 1437 ſind
937 1387 988 1425 die
1010 1385 1173 1437 Hände.
1189 1388 1279 1430 Jede
1300 1387 1407 1437 Hand

250 1442 307 1489 hat
318 1443 401 1491 fünf
414 1441 556 1491 Finger.
593 1440 658 1481 Wie
662 1440 779 1479 viele
794 1436 925 1489 Finger
945 1440 1015 1489 haſt
1023 1436 1080 1479 du
1100 1441 1167 1490 alſo
1186 1440 1235 1479 im
1250 1436 1407 1490 ganzen?

250 1493 296 1532 An
297 1490 390 1532 den
391 1490 527 1532 Beinen
531 1494 645 1542 ſind
661 1492 711 1530 die
725 1492 835 1542 Füße.
884 1492 944 1530 An
971 1492 1080 1541 jedem
1100 1492 1180 1542 Fuße
1183 1494 1299 1542 ſind
1322 1493 1407 1542 fünf

250 1545 395 1595 Zehen?
445 1545 513 1587 Wie
516 1540 626 1584 viel
653 1540 770 1594 Zehen
790 1540 867 1593 haſt
895 1546 939 1583 du
945 1540 1067 1594 alſo?

459 1729 505 1787 fl,
538 1728 586 1786 fr,
618 1727 695 1786 ſchl,
728 1727 810 1784 ſchr,
843 1726 943 1785 ſchm,
977 1727 1065 1785 ſchn,
1097 1726 1189 1785 ſchw.

253 1816 397 1866 Flaſche,
413 1815 585 1865 Flamme,
601 1814 740 1867 Flachs;
762 1813 868 1867 Frau,
875 1813 1043 1867 Freude;
1055 1813 1195 1867 Schlaf,
1214 1812 1409 1867 Schlamm,

254 1863 401 1916 Schloß;
425 1863 573 1916 Schrei,
609 1866 773 1915 Schrank,
813 1865 972 1915 Schrift;
1016 1863 1190 1916 Schmalz,
1230 1865 1411 1915 Schmerz;

252 1915 397 1969 Schnee,
427 1915 592 1968 Schnur;
623 1918 791 1968 Schwert,
822 1917 1021 1968 Schweſter.

305 1997 354 2024 Die
373 1997 490 2030 Fla⸗-ſche,
510 2004 536 2023 u.
557 1996 574 2029 ſ.
594 2002 624 2022 w.
