1481 2376
822 164 859 192 36

198 553 252 591 89.

275 263 342 299 und
374 261 423 299 die
452 261 546 311 Roſe
588 262 663 311 ſind
689 261 854 301 Blumen.
907 262 982 300 Die
1017 261 1123 302 Nelke
1163 263 1203 313 iſt
1230 264 1341 313 ſchön;
1380 266 1431 304 die

265 313 369 363 Tulpe
373 313 459 363 iſt
488 314 564 362 noch
594 314 733 363 ſchöner;
763 314 813 352 die
841 313 917 364 Roſe
920 314 1005 362 iſt
1034 326 1089 353 am
1112 311 1281 365 ſchönſten.

590 382 673 415 Willſt
691 383 724 409 du
742 383 801 414 mich
821 387 879 409 vom
898 382 984 410 Stocke
1002 383 1110 416 brechen,

591 417 684 444 können
702 417 750 450 dich
770 417 806 444 die
825 418 914 444 Dornen
916 418 1049 451 ſtechen.

272 769 576 823 Blumengarten?
617 773 690 814 Was
693 769 851 824 wächſt
879 774 926 813 im
957 769 1169 824 Kornfelde?
1209 776 1282 817 Was
1284 778 1430 824 findet

272 836 352 864 man
379 826 428 864 im
458 825 709 876 Eichenwalde?

324 895 396 934 Die
413 895 520 934 Nelke
548 895 664 944 wächſt
690 895 738 934 im
758 895 894 934 Garten;
903 897 987 944 ſie
1015 896 1057 944 iſt
1077 897 1148 936 eine
1165 896 1425 938 Gartenblume.

270 945 322 987 Wo
325 948 485 996 wächſt
505 947 555 986 die
575 943 802 996 Feldblume?
849 943 979 996 Kennſt
998 943 1041 987 du
1057 949 1129 988 eine
1144 949 1427 996 Wieſenblume?

270 997 322 1039 Wo
325 1000 469 1049 ſuchſt
497 1003 542 1038 du
569 995 619 1038 die
648 998 899 1040 Waldblume?

322 1067 396 1106 Die
410 1067 595 1117 Wanduhr
612 1069 718 1119 hängt
737 1081 780 1107 an
807 1071 863 1107 der
878 1068 1008 1110 Wand.
1046 1069 1100 1111 Wo
1102 1070 1212 1119 ſteht
1232 1071 1281 1109 die
1295 1071 1427 1111 Turm⸗

269 1120 360 1166 uhr?
397 1119 448 1161 Wo
452 1124 577 1169 trägt
595 1116 664 1159 man
666 1116 745 1159 die
759 1120 998 1169 Taſchenuhr?
1039 1121 1091 1163 Wo
1095 1116 1205 1161 lebt
1224 1126 1284 1162 das
1303 1122 1426 1171 Haus⸗

270 1171 385 1220 huhn?
415 1171 466 1212 Wo
470 1173 604 1222 wohnt
607 1176 695 1212 das
708 1173 911 1223 Feldhuhn?
941 1172 993 1215 Wo
997 1174 1087 1220 hält
1090 1175 1178 1224 ſich
1196 1178 1256 1214 das
1271 1170 1426 1224 Waſſer⸗

270 1224 359 1273 huhn
385 1224 472 1275 auf?

321 1284 394 1323 Die
408 1284 591 1333 Nähnadel
605 1288 696 1326 dient
709 1299 784 1336 zum
803 1287 940 1335 Nähen.
988 1287 1079 1336 Wozu
1082 1289 1193 1328 dient
1197 1290 1274 1328 die
1291 1290 1425 1331 Strick⸗

268 1336 393 1389 nadel?
431 1336 547 1387 Wozu
574 1339 664 1378 dient
691 1334 752 1378 das
766 1334 1003 1389 Bügeleiſen?
1042 1334 1132 1389 Wozu
1134 1343 1361 1389 gebrauchſt
1381 1346 1426 1383 du

270 1388 319 1427 die
347 1388 611 1440 Schreibfeder?
657 1391 745 1441 Wozu
747 1387 888 1431 dient
916 1387 978 1430 das
1007 1387 1189 1442 Leſebuch?

320 1458 389 1497 Ein
416 1458 495 1509 Faß
533 1461 592 1509 für
619 1459 728 1501 Wein
768 1460 861 1509 heißt
893 1460 1078 1509 Weinfaß.
1129 1461 1194 1503 Wie
1196 1463 1337 1509 heißt
1369 1464 1425 1504 ein

266 1510 344 1561 Faß
373 1506 440 1563 für
447 1506 562 1551 Bier?
604 1512 677 1553 Was
679 1512 766 1562 iſt
777 1506 840 1552 in
857 1514 932 1551 dem
950 1506 1155 1563 Salzfaſſe?
1196 1506 1268 1556 Was
1271 1506 1357 1563 iſt
1384 1517 1423 1556 in

267 1565 340 1601 dem
367 1562 589 1615 Sandfaſſe?
635 1564 706 1606 Was
709 1565 795 1614 iſt
822 1565 859 1603 in
888 1567 962 1603 dem
981 1561 1227 1615 Tintenfaſſe?
1260 1567 1332 1608 Was
1335 1561 1424 1615 iſt

266 1614 304 1653 in
319 1617 390 1654 dem
405 1613 673 1667 Waſſereimer?
701 1613 776 1658 Was
776 1616 925 1656 trinkt
946 1628 1028 1656 man
1048 1630 1092 1657 aus
1095 1613 1199 1657 dem
1213 1613 1422 1670 Bierglaſe?

318 1684 397 1723 Der
424 1684 530 1734 Apfel
558 1686 671 1734 wächſt
699 1687 758 1734 auf
785 1689 856 1724 dem
876 1686 1016 1725 Baume;
1023 1699 1080 1734 er
1083 1688 1166 1734 iſt
1193 1689 1264 1727 eine
1284 1688 1424 1729 Baum⸗

265 1736 380 1786 frucht.
421 1733 530 1776 Nenne
533 1733 646 1788 noch
650 1733 734 1777 drei
748 1733 868 1776 andere
883 1733 1151 1788 Baumfrüchte!
1180 1739 1303 1780 Nenne
1317 1741 1423 1788 Feld⸗

263 1787 403 1839 früchte!
460 1789 587 1829 Nenne
616 1786 892 1841 Gartenfrüchte!

652 1859 708 1892 Erſt
726 1858 786 1891 weiß
806 1859 851 1885 wie
869 1859 972 1892 Schnee,

651 1895 718 1920 dann
736 1893 800 1927 grün
820 1894 851 1920 wie
854 1894 950 1927 Klee,

651 1928 726 1961 drauf
745 1931 785 1955 rot
803 1929 847 1955 wie
866 1928 940 1961 Blut,

651 1963 753 1997 ſchmeckt
772 1963 836 1989 allen
855 1960 968 1990 Kindern
991 1967 1043 1998 gut.

328 547 409 586 Der
434 547 635 587 Birnbaum
663 552 751 597 trägt
778 547 927 587 Birnen.
989 548 1062 589 Was
1065 554 1202 599 trägt
1229 554 1284 590 der
1309 542 1431 599 Apfel⸗

273 599 400 639 baum?
433 599 507 654 Was
510 600 676 654 wächſt
689 596 755 654 auf
759 601 837 654 dem
852 596 1183 651 Pflaumenbaum?
1204 602 1277 644 Was
1279 596 1431 654 wächſt

274 654 332 701 auf
359 654 432 690 dem
461 651 680 702 Nußbaum?
726 648 797 692 Was
800 648 937 702 trägt
965 656 1022 691 der
1050 653 1290 704 Kirſchbaum?

325 721 392 763 Im
419 722 661 771 Baumgarten
688 721 798 771 ſtehen
825 721 976 761 Bäume.
1026 722 1100 764 Was
1103 725 1250 772 findet
1273 727 1354 763 man
1381 725 1431 764 im
