1516 2380
669 157 711 192 23

23 1297 73 1333 54

28 1987 80 2023 55.

14 526 66 563 53.

96 254 227 323 Lippe,
246 264 379 317 Bitte,
411 263 607 322 Widder;
646 294 694 298 —
733 266 828 323 ſatt,
864 269 975 316 matt;
987 270 1119 323 nett;
1131 267 1263 323 fett,

95 321 200 384 fette,
234 327 381 384 fettes;
416 327 566 384 bitten;
598 321 752 384 retten;
788 331 957 379 wetten.

158 397 216 431 Die
237 384 344 439 Latte,
368 384 414 432 die
437 398 575 441 Lat⸗-ten;
596 408 624 432 u.
645 398 663 442 ſ.
688 405 721 433 w.

603 1213 653 1279 ck,
691 1216 736 1282 tz.

155 1291 273 1347 Sack,
303 1294 431 1353 Pack;
461 1294 603 1348 Backe,
631 1295 769 1353 Zacke,
801 1294 947 1353 Acker;
980 1296 1102 1351 Bock,
1135 1296 1268 1353 Rock;

99 1353 206 1419 Ecke,
227 1356 368 1419 Hecke,
393 1357 535 1419 Decke,
562 1356 722 1419 Declel;
752 1356 912 1412 Mücke,
938 1352 1074 1419 Lücke;
1103 1385 1149 1389 —
1182 1352 1269 1414 dick;

100 1414 198 1469 dicke,
225 1411 367 1475 dicker;
393 1417 547 1471 backen,
576 1411 717 1471 locken,
746 1419 913 1475 wecken;
944 1411 1087 1475 picken,
1115 1411 1269 1473 ducken,

99 1478 248 1534 rücken,
284 1473 444 1528 bücken.

164 1553 228 1586 Der
251 1553 336 1595 Sack,
360 1553 406 1587 die
431 1553 554 1597 Sälb-ke;
578 1564 606 1588 u.
628 1553 647 1597 ſ.
668 1560 703 1588 w.

102 1624 224 1685 Satz;
264 1628 401 1686 Katze,
442 1626 591 1686 Tatze;
645 1626 755 1685 Netz,
800 1626 906 1686 Sitz,
957 1627 1091 1686 Ritze;
1137 1628 1269 1688 Hitze;

108 1713 155 1718 —
192 1687 312 1747 ſitzen,
347 1690 481 1748 ſetzen,
517 1689 671 1747 nützen.

167 1761 230 1795 Der
251 1762 334 1804 Satz,
360 1762 405 1795 die
430 1762 559 1804 Sät-ze;
583 1772 611 1795 u.
634 1762 652 1804 ſ.
676 1769 710 1796 w.

619 1889 667 1957 ſſ,
705 1888 751 1957 ß.

104 1975 242 2037 Gaſſe,
291 1977 435 2037 Taſſe,
477 1975 670 2037 Waſſer;
717 1978 868 2037 Goſſe;
917 1977 1065 2037 Keſſel,
1114 1979 1266 2037 Seſſel,

102 2033 277 2100 Meſſer;
310 2033 478 2100 Kiſſen;
511 2033 675 2100 Rüſſel.

87 831 176 879 Der
207 831 395 892 Tiſchler
428 833 505 891 hat
539 832 655 881 einen
679 835 903 892 Hammer.
949 830 997 883 Er
999 835 1104 892 hat
1109 837 1257 892 auch

87 891 198 955 einen
241 895 395 954 Hobel.
462 894 582 944 Was
624 891 720 953 thut
759 908 800 944 er
848 896 927 944 mit
970 896 1059 945 dem
1065 891 1259 955 Hobel?

85 955 173 1003 Der
205 957 357 1005 Bauer
366 957 467 1011 hat
504 957 590 1005 eine
621 957 774 1007 Karre.
832 958 875 1007 Er
876 958 987 1011 hat
989 955 1139 1011 auch
1175 959 1259 1008 eine

84 1016 208 1075 Egge.
273 1019 365 1067 Der
401 1018 591 1078 Schiffer
623 1019 697 1078 hat
729 1019 793 1068 ein
828 1019 986 1080 Schiff.

149 1085 207 1121 Die
230 1087 369 1131 Ler⸗chen
393 1088 518 1132 ſin⸗-gen.
564 1088 600 1121 U.
624 1088 642 1131 ſ.
666 1095 701 1122 w.

151 520 231 570 Die
248 521 422 578 Lerchen
456 521 611 580 ſingen.
661 523 741 572 Die
759 523 960 573 Tauben
979 523 1126 580 girren.
1175 526 1257 575 Die

92 582 241 641 Hunde
280 578 465 634 bellen.
496 578 614 634 Was
656 586 765 641 thun
808 585 867 635 die
905 578 1093 641 Schafe?
1156 588 1257 638 Das

91 644 230 703 Schaf
258 647 332 702 hat
352 645 515 696 Wolle.
566 648 665 696 Das
684 648 834 697 Lamm
867 649 920 703 hat
925 644 1076 703 auch
1098 647 1256 699 Wolle.

89 707 177 755 Der
196 707 309 763 Fiſch
344 709 420 763 hat
441 709 691 763 Schuppen.
744 708 835 759 Was
839 711 951 763 hat
953 710 1063 758 die
1082 712 1258 763 Henne?

88 769 175 822 Der
194 771 380 819 Maurer
415 772 468 827 hat
472 770 608 819 eine
629 772 760 820 Kelle.
811 770 895 821 Wer
897 772 991 829 hat
994 767 1117 821 eine
1135 774 1257 823 Elle?
