1509 2362
682 164 718 193 33

58 1312 110 1348 84.

50 748 101 785 83.

118 258 217 319 flink,
1153 268 1286 318 ſchmal,
244 259 332 312 frei,
350 257 503 312 fromm,
532 258 636 312 früh,
654 257 789 317 fremd,
815 257 947 318 ſchlau,
971 257 1119 320 ſchlecht,

119 311 246 365 ſchnell,
276 315 404 364 ſchwer,
434 311 581 366 ſchwach,
611 311 758 366 ſchwarz.

120 384 264 440 fließen,
290 383 424 440 Fluß;
467 386 610 440 fliegen,
646 386 758 436 Flug;
802 387 941 438 fliehen,
977 387 1115 440 Flucht;
1152 390 1292 439 frieren,

120 432 238 492 Froſt;
287 432 456 492 ſchlagen,
474 432 646 492 Schlag;
654 432 880 492 ſchlachten,
905 432 1080 491 Schlacht;
1105 432 1291 492 ſchreiten,

122 484 280 540 Schritt;
292 484 494 539 ſchneiden,
527 484 695 540 Schnitt,
716 484 911 540 Schnitter.

552 560 636 592 Artig,
656 561 713 592 flink
732 562 784 588 und
805 562 861 589 rein

552 590 645 629 müſſen
658 590 744 623 Kinder
746 597 838 629 ſein.

125 795 275 849 Hammer
277 790 457 849 darauf.
476 790 570 835 Die
591 796 721 846 Funken
722 790 880 848 fliegen
904 790 1065 846 umher.
1080 790 1153 840 Was
1156 801 1298 849 macht

126 852 182 887 der
196 847 393 898 Schmied?
422 872 474 877 —
504 849 566 887 Der
568 846 776 898 Schloſſer
804 846 960 898 hämmert
962 855 1052 889 und
1054 851 1168 898 feilt
1184 846 1297 898 Eiſen.

127 901 176 939 Er
203 894 308 954 macht
324 900 505 952 Schlöſſer
534 904 603 940 und
624 894 819 952 Schlüſſel
836 905 975 941 daraus.
1019 894 1099 941 Der
1114 894 1301 954 Schreiner

127 955 209 1001 ſägt,
241 949 351 1001 hobelt
375 949 462 992 und
475 953 582 1001 bohrt.
640 949 691 993 Er
715 949 821 1001 macht
856 955 985 1001 Tiſche,
1016 955 1146 1001 Bänke,
1176 949 1296 1001 Pulte,

128 1001 301 1055 Schränke
330 1008 401 1044 und
432 1009 555 1045 andere
588 1005 736 1055 Sachen.
791 1001 873 1045 Der
903 1001 1091 1055 Schneider
1119 1001 1201 1055 näht
1230 1012 1298 1047 und

129 1052 255 1108 bügelt.
310 1056 407 1099 Was
436 1059 528 1108 macht
531 1058 633 1097 er?

178 743 259 782 Der
274 743 439 793 Schmied
469 743 638 792 hämmert
668 747 729 783 das
760 745 878 792 Eiſen.
885 745 958 785 Er
959 747 1115 795 ſchlägt
1133 748 1197 786 mit
1225 744 1298 786 dem

222 1224 263 1281 ſt,
296 1224 350 1282 ſp,
384 1225 438 1280 bl,
472 1225 531 1282 pl,
563 1224 632 1282 ſpl,
666 1224 722 1279 br,
757 1233 819 1283 pr,
853 1224 930 1282 ſpr,
964 1226 1021 1279 dr,
1053 1226 1104 1280 tr,
1136 1226 1200 1281 ſtr.

134 1311 243 1356 Stab,
275 1311 411 1358 Staub,
442 1311 584 1360 Storch,
608 1311 734 1358 Stirn,
769 1312 951 1360 Stempel,
983 1311 1154 1360 Stengel;
1182 1312 1303 1360 Span,

135 1363 252 1413 Spur,
278 1363 407 1413 Spott,
436 1357 577 1413 Spitze;
597 1364 693 1411 Blei,
720 1364 844 1414 Blech;
876 1357 986 1411 Plan,
1015 1357 1128 1413 Platz;
1145 1357 1302 1413 Splint,

135 1416 311 1466 Splitter;
345 1416 476 1466 Bruſt;
508 1412 626 1463 Preis,
655 1412 817 1466 Pracht,
828 1415 950 1465 Prinz,
979 1412 1129 1465 Prügel;
1160 1416 1304 1466 Spreu;

135 1464 284 1519 Drache;
309 1464 462 1516 Traum,
484 1469 618 1517 Thran,
640 1464 794 1517 Thräne,
816 1468 952 1516 Trank;
975 1464 1136 1519 Strauch,
1160 1464 1303 1508 Strom.

189 1529 244 1557 Der
264 1529 344 1563 Stab,
363 1537 390 1556 u.
410 1529 427 1563 ſ.
447 1535 479 1556 w.

568 1564 646 1596 Milch
666 1564 717 1591 und
738 1564 806 1592 Brot

566 1600 646 1633 macht
664 1600 701 1626 die
720 1600 819 1633 Wangen
820 1601 906 1626 rot.

137 1661 232 1710 ſtark,
252 1662 396 1711 ſtumpf;
425 1661 519 1711 ſpitz;
552 1661 642 1706 blau,
673 1661 765 1711 blaß,
795 1660 907 1710 bleich,
938 1660 1050 1707 blond,
1070 1660 1178 1709 blind;
1207 1661 1305 1710 platt.

137 1708 271 1763 plump;
312 1708 411 1760 breit,
430 1708 546 1759 brav,
590 1714 711 1761 braun;
735 1708 868 1763 ſpröde;
874 1708 1023 1761 dreiſt;
1064 1708 1172 1762 träge,
1197 1708 1305 1761 trübe,

192 1775 246 1801 Der
266 1774 334 1808 Ochs
352 1774 384 1808 iſt
403 1774 474 1808 ſtark.
514 1774 568 1801 Der
586 1781 647 1800 neue
667 1773 759 1806 Griffel
779 1773 807 1805 iſt
826 1771 928 1806 ſtumpf.
966 1773 997 1800 U.
1016 1773 1032 1805 ſ.
1052 1778 1082 1799 w.

139 1834 298 1877 Woraus
337 1836 378 1885 iſt
414 1838 472 1873 der
505 1830 657 1881 Stuhl?
705 1833 770 1875 Wie
774 1833 866 1882 iſt
899 1836 955 1872 der
986 1833 1108 1883 Steg?
1145 1833 1210 1875 Wie
1213 1835 1306 1883 iſt

141 1889 217 1927 aber
236 1888 286 1926 die
305 1884 464 1927 Brücke?
504 1887 554 1928 Wo
559 1887 678 1936 ſteht
693 1889 747 1925 der
767 1885 918 1925 Stern?
961 1885 1012 1927 Wo
1015 1887 1154 1936 kaufſt
1177 1890 1220 1925 du
1244 1890 1305 1925 den

141 1940 278 1988 Speck?
318 1940 384 1981 Wie
388 1940 473 1988 iſt
502 1943 563 1978 das
588 1938 711 1979 Blut?
750 1937 801 1979 Wo
805 1937 936 1987 liegt
960 1938 1010 1977 die
1034 1935 1178 1978 Streu?
1217 1938 1305 1980 Wer

141 1993 277 2042 ſtrickt
282 2005 322 2031 den
337 1992 541 2042 Strumpf?
572 1991 682 2033 Wann
683 1991 835 2039 blühen
847 1990 897 2029 die
912 1991 1076 2030 Bäume?
1103 1991 1172 2033 Wer
1175 1992 1305 2031 treibt
