1499 2370
663 159 699 188 37

36 262 85 299 90.

44 776 95 812 91.

900 2196 1023 2268 GEI

163 260 242 299 Der
257 258 321 298 Ruß
323 258 409 308 iſt
436 258 570 308 ſchwarz
597 258 660 297 wie
688 258 761 298 eine
776 257 906 306 Kohle;
937 271 956 296 er
954 258 1037 307 iſt
1055 257 1278 308 kohlſchwarz.

107 311 162 351 Die
165 311 283 352 Lilie
312 307 354 360 iſt
378 307 586 360 ſchneeweiß.
629 311 712 350 Das
728 310 1047 360 Vergißmeinnicht
1062 311 1103 360 iſt
1118 311 1277 358 himmel⸗

107 365 198 403 blau.
241 363 316 403 Die
330 359 591 403 Butterblume
618 363 661 411 iſt
689 359 854 412 goldgelb.
902 362 964 401 Der
968 359 1142 413 unreife
1171 362 1276 413 Apfel

108 417 148 464 iſt
178 419 364 464 grasgrün.
420 415 500 454 Der
527 415 704 464 Feldmohn
704 415 792 464 iſt
825 415 958 463 hellrot.
1011 415 1083 454 Die
1112 414 1281 464 Pflaume

109 462 149 516 iſt
166 462 299 508 eirund.
340 468 419 507 Der
434 462 588 516 Nußkern
589 462 758 516 ſchmeckt
769 462 958 516 zuckerſüß.
1002 466 1076 506 Die
1093 462 1276 515 Schwalbe

111 516 208 571 fliegt
236 520 450 571 pfeilſchnell.
506 516 584 559 Der
598 516 670 570 Fluß
672 520 764 571 iſt
777 516 960 571 fiſchreich.
1007 519 1085 558 Der
1113 518 1280 569 Roggen⸗

112 570 205 622 halm
233 573 348 623 wächſt
376 572 568 623 mannhoch.

165 643 216 670 Die
235 641 299 670 Lilie
318 641 347 675 iſt
367 641 430 674 weiß
450 641 496 668 wie
515 642 556 668 der
576 642 676 675 Schnee.
714 641 743 669 U.
764 642 781 675 ſ.
802 647 834 669 w.

232 786 258 823 z.
290 776 347 812 der
376 773 488 820 Cider,
518 773 568 811 die
596 773 756 821 Ciſterne,
786 774 837 812 die
867 773 1027 824 Cichorie.
148 786 161 812 c
172 797 211 808 =

135 827 162 874 ch
172 850 213 861 =
234 822 260 865 k.
291 830 353 864 das
383 825 485 874 Chor,
517 829 570 864 der
596 826 718 876 Chriſt,
748 822 937 876 Chriſtian,
965 825 1143 876 Chriſtine.

238 878 262 917 i.
293 878 344 916 die
374 877 511 927 Hyäne,
542 878 592 916 die
619 878 822 927 Hyacinthe.
144 885 163 925 y
172 902 212 912 =

237 933 260 979 f.
292 927 435 980 Joſeph,
466 929 619 979 Philipp,
650 930 801 979 Sophia,
833 933 888 969 der
918 930 1046 980 Epheu.
119 932 163 978 ph
177 955 212 965 =

141 983 168 1022 ti
294 983 344 1021 die
352 979 525 1030 Station,
556 983 604 1021 die
619 982 777 1030 Portion,
808 983 859 1022 die
878 982 1024 1031 Lektion,
1049 986 1104 1022 der
1125 982 1284 1031 Patient.
176 1007 215 1017 =
222 984 261 1032 zi.

396 1130 466 1178 92.
500 1133 581 1177 Der
612 1131 856 1184 wohlthätige
889 1131 1036 1179 Knabe.

175 1209 296 1248 Albert
324 1209 400 1248 kam
430 1215 495 1248 aus
524 1211 578 1247 der
599 1208 730 1258 Schule
758 1209 834 1259 nach
859 1208 989 1259 Hauſe.
1033 1209 1096 1248 Da
1125 1208 1185 1257 gab
1213 1207 1287 1257 ihm

123 1263 173 1300 die
199 1261 345 1301 Mutter
373 1261 428 1300 ein
457 1260 568 1301 Stück
587 1260 774 1311 Weißbrot.
834 1260 865 1299 Er
866 1262 992 1311 freute
996 1260 1100 1310 ſich
1129 1261 1282 1307 darüber,

124 1319 211 1353 denn
239 1326 273 1352 er
301 1313 392 1363 hatte
420 1312 578 1363 Hunger.
630 1309 704 1352 Die
724 1313 846 1352 Mutter
849 1309 1029 1352 erlaubte
1048 1309 1129 1361 ihm,
1153 1324 1195 1351 auf
1198 1313 1282 1363 die

126 1366 264 1417 Straße
293 1361 334 1416 zu
362 1361 478 1414 gehen.
516 1361 706 1416 Draußen
741 1367 812 1404 kam
845 1368 903 1404 der
930 1364 1039 1413 Sohn
1057 1368 1128 1417 des
1167 1361 1286 1403 armen

125 1415 297 1468 Nachbars
298 1415 347 1468 zu
357 1418 446 1467 ihm;
464 1420 520 1456 der
529 1417 584 1468 ſah
599 1421 660 1456 das
673 1418 765 1457 Brot
780 1421 848 1456 und
859 1418 987 1468 ſprach:
1011 1416 1141 1464 „Meine
1146 1417 1286 1455 kranke

127 1467 315 1521 Schweſter
335 1471 391 1509 bat
410 1471 505 1520 ſchon
524 1472 574 1520 oft
592 1481 651 1509 um
666 1469 868 1520 Weißbrot;
899 1470 975 1508 aber
994 1469 1056 1521 wir
1069 1469 1174 1517 haben
1193 1469 1290 1507 keins

126 1520 194 1563 und
214 1525 345 1562 können
373 1523 467 1561 keins
491 1523 650 1573 kaufen.“
687 1522 807 1561 Albert
834 1522 891 1572 ſah
917 1524 981 1574 den
1001 1520 1142 1560 Knaben
1154 1532 1226 1574 an,
1254 1533 1290 1559 er

128 1577 188 1626 gab
216 1576 285 1629 ihm
312 1575 386 1629 ſein
408 1575 504 1629 Brot
514 1577 602 1629 und
607 1576 739 1629 ſagte:
770 1574 862 1622 „Da
888 1574 962 1612 nimm
965 1585 1066 1612 und
1069 1574 1227 1623 bringe
1251 1578 1291 1612 es

128 1622 303 1679 geſchwind
317 1622 448 1666 deiner
476 1622 704 1677 Schweſter.“

571 1687 622 1714 Ein
641 1687 730 1713 braver
749 1687 839 1714 Mann

573 1722 637 1756 hilft,
657 1728 694 1748 wo
714 1730 740 1748 er
758 1722 831 1749 kann.

422 1854 495 1902 93.
528 1856 617 1906 Das
650 1856 738 1913 gute
769 1852 972 1912 Mädchen.

180 1934 356 1981 Mathilde
386 1933 458 1972 will
486 1944 562 1981 zum
590 1931 736 1971 Krämer
763 1932 883 1981 laufen
905 1933 976 1969 und
1007 1931 1065 1981 für
1096 1930 1147 1968 die
1168 1929 1291 1980 Puppe

128 1979 281 2027 Kleider
292 1988 426 2038 kaufen.
484 1979 526 2024 Da
530 1984 672 2036 trifft
704 1985 748 2035 ſie
784 1979 882 2022 einen
914 1979 1050 2022 blinden
1069 1982 1191 2022 Mann
1200 1981 1291 2021 mit
