1507 2366
699 171 736 200 29

73 930 124 967 71.

76 1391 128 1428 72.

79 1853 129 1889 73.

191 272 248 311 Du
247 271 415 321 wohnſt
447 271 501 310 bei
533 270 663 310 deinem
692 270 803 310 Vater
831 273 901 310 und
930 271 982 310 bei
1009 271 1120 310 deiner
1149 271 1302 310 Mutter

138 324 196 363 Am
197 317 383 374 Morgen
393 317 534 374 nimmſt
530 325 607 362 du
626 324 702 362 dein
717 323 813 373 Buch
833 327 903 362 und
923 324 1016 363 deine
1035 324 1152 374 Tafel.
1192 325 1308 363 Dann

139 377 227 424 gehſt
247 379 291 415 du
311 372 371 424 zur
390 372 534 424 Schule.
574 375 632 418 In
651 379 705 414 der
726 372 858 424 Schule
887 376 1005 424 findeſt
1033 379 1078 422 du
1099 372 1169 415 den
1187 375 1308 424 Lehrer

139 424 208 468 und
237 424 323 467 viele
350 424 492 468 Kinder.
552 429 593 467 Du
597 429 759 477 kennſt
787 424 896 477 dieſe
903 427 1041 468 Kinder.
1096 429 1137 467 Du
1141 428 1306 477 weißt,

140 482 203 521 wie
219 483 263 532 ſie
279 481 414 532 heißen.
457 481 500 519 Du
504 481 659 531 kannſt
674 481 729 519 ein
730 476 859 534 wenig
881 481 983 532 leſen.
1026 480 1157 532 Kannſt
1171 485 1216 520 du
1230 476 1308 530 auch

139 531 305 586 zeichnen,
336 534 476 585 rechnen
505 537 573 572 und
602 533 746 584 ſingen?

518 621 593 655 Jung
613 620 733 654 gewohnt,
754 620 791 648 alt
811 621 911 654 gethan.

516 652 609 694 Übung
614 652 706 694 macht
725 661 771 687 den
791 652 906 694 Meiſter.

151 922 272 972 Docht,
294 923 458 972 Doch-te;
478 922 597 971 Nacht,
620 921 733 971 Pacht,
756 921 894 972 Macht;
924 922 1037 972 Magdz;
1043 922 1177 972 Hecht,
1180 922 1313 972 Licht;

147 970 280 1024 Haupt,
301 970 493 1024 Häup-ter.
535 973 599 1024 Ich
627 976 723 1024 lache,
754 977 772 1013 du
776 970 924 1024 lachſt,
957 986 992 1013 er
1001 970 1118 1024 lacht;
1146 970 1190 1024 ich
1210 970 1312 1024 ſuche,

147 1023 190 1066 du
220 1023 332 1075 ſuchſt,
365 1039 400 1065 er
426 1027 530 1075 ſucht;
567 1023 611 1075 ich
639 1023 726 1075 ſage,
757 1029 802 1065 du
828 1023 915 1075 ſagſt
944 1039 978 1064 er
1005 1023 1094 1075 ſagt;
1108 1023 1172 1075 ich
1180 1023 1313 1075 reiche,

148 1082 192 1118 du
220 1075 341 1130 reichſt,
374 1092 410 1118 er
431 1075 552 1129 reicht;
594 1075 647 1128 ich
671 1075 801 1132 beuge,
820 1075 864 1117 du
871 1075 1015 1129 beugſt,
1045 1075 1089 1118 er
1111 1075 1227 1130 beugt;
1246 1075 1316 1129 ich

148 1132 262 1182 löſche,
295 1136 340 1170 du
368 1132 513 1181 löſcheſt,
550 1143 584 1169 er
612 1132 724 1182 löſcht;
762 1131 806 1181 ich
834 1131 921 1178 lobe,
951 1134 995 1170 du
1022 1132 1134 1182 lobeſt,
1166 1144 1198 1170 er
1224 1132 1315 1182 lobt;

148 1179 194 1233 ich
221 1179 320 1233 hacke,
352 1186 397 1223 du
411 1179 535 1233 hackſt,
567 1196 601 1222 er
619 1179 717 1232 hackt;
748 1179 799 1233 ich
813 1183 920 1231 wecke,
953 1186 997 1222 du
1016 1179 1131 1233 weckſt,
1160 1196 1194 1223 er
1213 1179 1317 1224 weckt.

387 835 452 894 cht,
487 837 540 894 gt,
575 836 633 894 gd,
667 835 746 893 ſcht,
780 835 835 891 bt,
866 836 925 893 pt,
959 835 1008 891 kt,
1038 837 1088 896 zt.

206 1375 294 1417 Wer
321 1377 410 1415 webt
438 1379 501 1415 das
528 1375 648 1425 Tuch?
703 1375 773 1416 Wer
775 1375 924 1425 macht
952 1377 1014 1413 das
1041 1373 1173 1415 Leder?
1229 1374 1319 1424 Wer

154 1429 256 1477 macht
284 1428 451 1477 Schuhe?
509 1427 597 1469 Wer
610 1420 727 1477 macht
755 1420 904 1477 Hüte?
937 1426 1006 1468 Wer
1008 1428 1159 1477 macht
1186 1423 1315 1477 Hoſen,

152 1472 304 1528 Weſten,
336 1472 445 1520 Röcke
473 1487 542 1520 und
560 1472 732 1519 Mäntel?
763 1472 854 1520 Wer
882 1479 986 1529 macht
1004 1472 1207 1528 Hemden?
1229 1472 1319 1520 Wer

153 1525 257 1582 macht
271 1533 415 1583 Tiſche?
458 1532 549 1586 Wer
577 1532 720 1586 wäſcht?
763 1531 832 1573 Wer
835 1525 980 1583 fängt
1007 1525 1146 1583 Fiſche?
1178 1531 1320 1573 Womit

152 1580 253 1636 löſcht
279 1580 362 1624 man
391 1588 452 1624 das
481 1584 621 1635 Feuer?

241 1663 297 1691 Der
316 1663 406 1691 Weber
426 1663 491 1690 webt
509 1663 584 1696 Tuch.
621 1663 652 1691 U.
672 1663 687 1695 ſ.
708 1668 739 1690 w.

206 1847 280 1887 Die
309 1846 455 1885 Mutter
482 1846 567 1895 kocht
602 1845 743 1895 Suppe.
799 1844 872 1884 Sie
906 1844 998 1884 weckt
1032 1847 1093 1884 das
1120 1844 1212 1884 Kind
1246 1847 1317 1884 und

155 1899 223 1947 gibt
249 1899 320 1947 ihm
351 1899 402 1937 die
433 1894 575 1947 Suppe.
622 1897 696 1936 Die
727 1896 820 1946 Magd
823 1897 952 1936 deckt
979 1900 1041 1936 den
1068 1897 1175 1947 Tiſch.
1222 1896 1318 1938 Was

154 1943 224 2000 fetzt
242 1943 286 2002 ſie
308 1950 456 2004 darauf?
486 1943 561 1989 Die
577 1949 679 2004 Leute
689 1943 827 2004 kommen
830 1949 982 1999 herbei;
991 1951 1065 2001 ſie
1084 1943 1183 2001 ſetzen
1197 1949 1255 2001 ſich
1276 1961 1320 1999 zu

153 2004 278 2054 Tiſche.
335 2003 473 2045 Worauf
476 2003 613 2053 ſitzen
640 2002 711 2054 ſie?
