1471 2360
508 327 610 385 Zur
643 320 777 378 200.
819 324 1040 383 Auflage!

274 463 331 503 Im
361 476 440 509 Jahre
469 476 540 503 1844
565 479 612 503 trat
646 476 679 502 die
703 474 770 509 Fibel
795 477 835 501 des
865 473 1022 506 verſtorbenen
1058 474 1129 504 erſten
1153 473 1361 505 Seminarlehrers

187 512 223 544 P.
237 513 266 541 J.
279 512 422 544 Büſcher,
441 514 482 538 der
500 512 541 544 ſich
555 519 598 538 um
618 511 653 537 die
665 510 830 542 Ausbildung,
849 509 1008 542 Verbreitung
1022 512 1072 535 und
1087 508 1176 542 richtige
1188 508 1359 542 Handhabung

187 549 225 573 der
242 546 490 579 Schreibleſemethode
508 547 533 573 in
553 548 596 573 den
615 546 780 578 Rheinlanden
799 547 821 576 ſo
844 545 947 571 verdient
966 544 1083 576 gemacht,
1115 545 1162 570 und
1186 545 1258 576 deſſen
1276 544 1359 577 vielge⸗

188 582 316 615 brauchtes,
337 581 410 614 jedem
430 582 540 614 früheren
559 581 660 613 Schüler
678 580 849 614 unvergeßliche
868 579 952 606 Wort:

351 624 555 658 „Vorſprechen,
576 623 762 658 nachſprechen,
784 623 910 656 zerlegen,
930 621 1066 655 ſchreiben,
1087 621 1189 654 leſen!“

187 670 241 701 auch
260 670 325 702 heute
344 669 397 702 noch
417 670 452 696 die
473 670 610 703 wichtigſten
631 669 697 701 Lehr⸗
716 670 764 695 und
783 668 992 700 Lernoperationen
1011 669 1052 693 des
1073 668 1143 699 erſten
1160 666 1358 699 Leſeunterrichtes

187 706 281 738 treffend
301 705 434 737 bezeichnet,
465 705 502 731 die
521 706 573 736 erſte
591 705 747 736 Wanderung
765 702 791 729 in
812 703 846 729 die
867 703 930 729 Welt
950 710 991 729 an.
1029 701 1079 728 Die
1099 702 1237 734 Thatſache,
1257 703 1303 735 daß
1321 702 1358 728 bis

187 741 251 772 heute
268 740 319 767 200
339 739 462 773 Auflagen
482 743 521 766 der
541 738 611 771 erſten
630 739 712 770 Fibel,
738 739 813 765 1000
821 739 874 765 000
893 738 1046 771 Exemplare,
1073 737 1174 771 gedruckt
1195 739 1292 764 wurden,
1300 737 1357 770 iſt

187 774 228 802 der
246 775 302 803 beſte
320 775 416 802 Beweis
435 776 476 803 für
497 774 533 801 die
552 774 741 803 Vortrefflichkeit
762 776 802 803 des
821 772 962 803 Büchleins.
982 787 1016 791 —

273 809 321 840 Im
341 810 417 842 Jahre
442 810 513 836 1883
539 812 620 837 wurde
645 811 687 842 auf
705 809 805 842 Wunſch
831 811 869 835 der
887 805 992 842 Familie
1017 810 1057 834 des
1076 807 1297 841 Heimgegangenen
1323 807 1357 833 die

186 846 239 878 erſte
256 845 323 879 Fibel
342 851 395 871 vom
415 845 609 878 unterzeichneten
629 845 729 876 Schüler
748 843 789 871 des
808 844 942 877 Verfaſſers
967 846 1036 869 unter
1055 842 1195 876 Beachtung
1214 845 1262 869 und
1281 842 1356 874 Wah⸗

187 888 248 914 rung
273 883 312 907 der
335 880 614 913 Unterrichtsgrundſätze
639 880 681 907 des
704 879 886 912 hochverdienten
912 877 1059 912 Pädagogen
1086 886 1132 904 neu
1162 877 1356 911 herausgegeben.

187 915 235 942 Die
254 915 398 949 gleichzeitige
416 915 580 949 Vorführung
600 918 638 941 der
649 914 757 945 Schreib⸗
775 913 824 940 und
844 912 1001 946 Druckſchrift
1019 916 1069 947 regt
1090 913 1124 939 die
1142 912 1264 945 kindlichen
1277 913 1357 943 Kräfte

187 951 295 982 vielſeitig
314 958 362 981 an,
390 951 440 983 läßt
460 951 510 977 eine
528 951 636 983 vielfache
654 949 833 983 Beſchäftigung
853 952 894 975 der
913 949 1002 976 Kinder
1021 956 1066 983 zu,
1095 948 1214 980 erleichtert
1232 948 1356 980 weſentlich

187 986 222 1012 die
232 985 314 1013 Arbeit
334 987 374 1012 des
384 985 490 1019 Lehrers,
509 986 561 1012 und
580 987 643 1019 trägt
661 992 688 1019 zur
691 984 848 1017 ſchnelleren
864 984 991 1017 Erzielung
1011 985 1048 1010 der
1059 983 1216 1016 Leſefertigkeit
1233 983 1356 1009 bedeutend

189 1021 233 1047 bei.
270 1021 320 1047 Man
323 1020 411 1054 gebe
430 1023 474 1047 den
494 1021 598 1047 Kindern
618 1023 664 1047 das
677 1020 741 1050 Buch
761 1020 802 1051 erſt
820 1019 845 1046 in
864 1019 900 1045 die
913 1019 997 1051 Hand,
1016 1018 1128 1051 nachdem
1148 1019 1181 1045 die
1191 1019 1356 1051 Vorübungen

188 1058 228 1082 des
247 1055 390 1088 Schreibens
409 1058 460 1082 und
481 1055 562 1087 Leſens
580 1056 701 1089 ſorgfältig
719 1054 836 1081 betrieben
855 1056 951 1081 worden
978 1056 1026 1080 und
1047 1054 1085 1080 die
1103 1053 1190 1081 Kinder
1218 1054 1251 1079 die
1270 1054 1295 1079 in
1314 1055 1357 1079 den

188 1091 325 1118 Nummern
346 1091 358 1116 1
386 1090 425 1117 bis
445 1091 478 1117 13
506 1090 656 1125 bezeichneten
674 1090 744 1116 Laute
771 1092 821 1116 und
839 1089 1084 1123 Lautverbindungen
1103 1089 1128 1115 in
1147 1088 1356 1122 Schreibſchrift

188 1126 272 1153 kennen
291 1126 376 1159 gelernt
393 1125 479 1157 haben.
517 1126 567 1153 Die
586 1127 696 1159 Formen
704 1127 771 1152 der
773 1123 979 1157 Schreibſchrift
1003 1124 1052 1155 ſind
1079 1123 1202 1156 dieſelben,
1228 1124 1306 1156 welche
1330 1123 1355 1149 in

189 1165 239 1188 dem
258 1167 312 1187 vom
331 1161 408 1193 Herrn
427 1161 675 1193 Unterrichtsminiſter
693 1168 710 1192 z.
730 1161 761 1193 Z.
786 1159 812 1186 in
831 1161 915 1187 Berlin
947 1159 1120 1193 eingerichteten
1139 1158 1353 1191 Schreib⸗Kurſus

188 1197 229 1229 für
247 1196 407 1229 Volksſchulen
428 1196 559 1229 empfohlen
578 1198 672 1222 worden
690 1195 746 1228 ſind.

276 1231 322 1258 Bei
339 1232 475 1257 Anordnung
478 1234 536 1265 des
537 1231 683 1262 Leſeſtoffes
702 1233 739 1257 der
759 1232 799 1264 für
818 1232 863 1256 das
883 1231 959 1263 zweite
969 1229 1105 1263 Schuljahr
1122 1237 1175 1262 zum
1195 1228 1284 1262 Schul⸗
1304 1230 1353 1255 und

189 1266 387 1300 Hausgebrauche
405 1266 552 1299 beſtimmten
570 1266 607 1292 II.
628 1266 754 1298 Abteilung
773 1267 811 1292 der
829 1265 896 1299 Fibel
921 1267 1020 1292 wurden
1046 1267 1085 1291 der
1104 1265 1220 1299 Lehrgang
1245 1266 1294 1290 und
1313 1264 1354 1291 der

188 1301 293 1335 Lehrſtoff
311 1301 354 1328 des
372 1302 442 1331 erſten
461 1301 787 1334 Anſchauungsunterrichtes
805 1308 833 1333 zu
852 1300 942 1327 Grunde
945 1301 1053 1334 gelegt.

276 1336 324 1363 Die
343 1336 421 1362 beiden
441 1336 556 1369 Büchlein
575 1338 672 1362 wurden
696 1342 741 1362 von
759 1336 826 1368 ihren
851 1337 918 1362 alten
938 1335 1064 1369 Freunden
1084 1336 1155 1368 ſofort
1173 1336 1213 1361 als
1233 1348 1265 1353 —
1284 1340 1353 1360 wenn

188 1372 244 1404 auch
263 1372 386 1404 zeitgemäß
404 1372 541 1398 veränderte
559 1386 592 1390 —
612 1371 700 1398 Kinder
718 1373 759 1397 des
778 1372 863 1404 großen
883 1371 1019 1404 rheiniſchen
1036 1370 1146 1403 Meiſters
1166 1368 1355 1399 wiedererkannt,

187 1406 286 1441 begrüßt
302 1409 351 1433 und
372 1408 568 1440 aufgenommen.
605 1406 642 1433 Die
644 1406 802 1440 Königliche
821 1406 959 1439 Regierung
978 1413 1006 1438 zu
1025 1406 1115 1438 Aachen
1139 1406 1215 1437 prüfte
1234 1405 1268 1431 die
1287 1403 1354 1438 Fibel

188 1442 238 1469 und
258 1442 398 1475 genehmigte
417 1441 483 1473 ihren
502 1441 634 1471 Gebrauch.
672 1441 721 1468 Die
739 1441 873 1475 Königliche
892 1441 1029 1474 Regierung
1054 1441 1134 1474 ſchrieb
1159 1440 1258 1473 nämlich
1283 1443 1354 1466 unter

189 1478 239 1504 dem
258 1477 298 1504 28.
320 1477 391 1511 März
411 1476 481 1503 1884
501 1491 535 1495 —
555 1477 583 1507 J.
603 1477 649 1504 Nr.
668 1477 691 1503 I.
710 1477 781 1503 6158
799 1490 834 1495 —
853 1483 868 1502 an
870 1478 931 1502 den
932 1476 1178 1508 Unterzeichneten:

381 1521 442 1548 Ew.
818 1520 903 1552 durch
924 1520 972 1546 die
985 1520 1274 1553 Neubearbeitung
1301 1521 1354 1545 der
457 1521 684 1555 Wohlgeboren
699 1521 796 1551 haben

296 1556 402 1589 „Fibel
429 1561 490 1582 von
519 1555 553 1589 P.
582 1556 611 1585 J.
631 1555 773 1588 Büſcher,
798 1556 820 1582 I.
845 1558 906 1581 und
927 1555 965 1582 II.
985 1552 1195 1588 Abtheilung“
1195 1555 1279 1588 ſich
1305 1555 1354 1581 ein

293 1591 501 1622 weſentliches
520 1590 683 1621 Verdienſt
703 1592 873 1617 erworben.
910 1590 978 1617 Wir
996 1590 1095 1622 haben
1120 1596 1153 1617 von
1161 1589 1354 1623 derſelben

294 1627 350 1652 mit
379 1627 506 1660 großem
531 1626 694 1658 Intereſſe
720 1626 883 1658 Kenntniß
914 1632 1102 1659 genommen
1132 1633 1170 1652 und
1178 1625 1355 1658 ſprechen

293 1661 399 1694 Ihnen
418 1662 470 1693 für
490 1661 570 1695 Ihre
580 1661 675 1694 Mühe
694 1664 801 1693 unſere
815 1660 1051 1694 Anerkennung
1072 1665 1145 1687 aus.
1179 1659 1239 1687 Von
1242 1660 1353 1687 einer

292 1696 495 1730 öffentlichen
522 1696 734 1730 Empfehlung
761 1699 813 1723 der
838 1695 964 1729 Schrift
989 1697 1109 1728 müſſen
1137 1696 1192 1722 wir
1220 1695 1354 1729 Abſtand

293 1732 435 1764 nehmen;
455 1732 514 1758 wir
533 1732 729 1766 genehmigen
962 1732 1020 1765 daß
1038 1731 1081 1765 ſie
1098 1731 1129 1758 in
1148 1733 1202 1758 den
1212 1730 1354 1759 Elemen⸗
749 1732 822 1757 aber
837 1739 942 1763 gerne,

293 1767 472 1801 tarſchulen
493 1768 658 1801 gebraucht
676 1769 780 1794 werde.

472 1811 655 1844 Königliche
673 1811 872 1845 Regierung,
891 1810 1092 1844 Abtheilung
1112 1812 1163 1837 des
1180 1809 1317 1840 Innern.

729 1846 797 1880 (gez.)
816 1854 875 1874 von
895 1848 948 1874 der
966 1847 1077 1880 Moſel.

276 1899 350 1933 Möge
368 1900 413 1925 das
429 1899 507 1930 Buch,
527 1899 622 1932 welches
640 1905 686 1926 von
705 1900 744 1926 der
764 1899 836 1931 hohen
847 1898 1024 1932 Schulbehörde
1044 1899 1069 1925 in
1089 1898 1142 1932 ſolch
1162 1898 1269 1930 ehrender
1282 1898 1354 1930 Weiſe

190 1934 319 1968 gewürdigt
337 1935 442 1966 worden,
461 1933 511 1966 ſich
532 1934 584 1966 noch
603 1935 689 1961 immer
706 1934 772 1968 mehr
791 1935 902 1968 Freunde
928 1934 954 1961 in
978 1936 1015 1960 der
1036 1934 1125 1967 Schul⸗
1150 1940 1184 1960 und
1187 1933 1355 1966 Lehrerwelt

190 1969 319 1996 erwerben!

277 2028 405 2062 Jülich,
423 2030 458 2057 im
478 2029 622 2064 September
643 2031 717 2057 1885.

554 2144 773 2204 213(200,
800 2145 1076 2222 1886)-1+1

1097 362 1406 421 2007/1829

1033 2065 1265 2100 Mundt.

578 2066 721 2133 DB-II
