1510 2380
22 255 75 289 46.

660 157 699 189 21

159 594 246 658 Ein
245 607 326 658 ro
349 596 412 658 ter
432 596 490 658 Ap
495 596 609 654 fel,
651 608 700 645 ro
722 600 760 645 te
796 585 840 646 Äp
842 596 971 656 fel;
1013 596 1096 645 eine
1098 596 1266 655 reife

98 656 179 720 Kir
201 656 294 720 ſche,
341 657 400 705 rei
423 657 462 716 fe
504 651 589 708 Kir
613 658 741 718 ſchen;
791 659 824 707 ei
846 651 902 707 ne
938 651 1050 718 reife
1095 658 1171 708 Gur
1173 651 1265 712 ke,

99 718 201 783 reife
235 718 436 783 Gurken;
480 720 575 768 eine
607 720 739 780 weiße
777 722 902 779 Roſe,
940 721 1071 779 weiße
1104 721 1266 782 Roſen;

100 781 197 829 eine
238 783 340 830 rote
380 781 535 834 Nelke,
582 784 688 831 rote
728 783 924 841 Nelſken;
973 783 1071 831 eine
1121 780 1267 832 bunte

99 842 172 893 Tul
174 843 273 901 pe,
310 843 400 892 bun
421 845 461 892 te
498 844 576 893 Tul
577 845 709 901 pen.

158 257 249 322 Der
301 270 424 322 neue
475 259 679 322 Mantel,
734 260 792 309 die
845 271 994 309 neuen
1046 259 1264 316 Mäntel;

98 318 154 366 die
193 319 291 367 alte
333 319 455 377 Hoſe,
506 320 565 369 die
604 322 647 370 al
665 325 735 371 ten
775 321 847 377 Ho
874 321 971 377 ſen;
1022 321 1097 371 das
1138 314 1265 370 reine

97 380 228 446 Tuch,
264 381 321 446 die
348 377 411 446 rei
430 395 514 446 nen
548 383 741 443 Tücher;
776 377 844 433 der
878 377 1033 443 ſchöne
1066 383 1138 433 Gar
1141 387 1263 445 ſten;

99 442 155 491 die
201 443 338 503 weiße
379 444 533 504 Thür;
583 439 664 494 das
701 439 744 494 al
763 448 801 494 te
843 439 994 504 Haus;
1036 446 1111 495 das
1148 439 1265 495 neue

98 505 237 565 Dach;
272 505 339 554 der
373 507 425 561 ho
448 507 497 565 he
531 510 680 557 Baum;
691 507 796 566 die
830 504 892 566 gel
915 509 960 556 be
984 504 1140 558 Birne.

17 1011 69 1045 47.

29 1745 85 1782 48.

162 1012 261 1060 Das
298 1011 405 1072 Haus
407 1012 528 1070 hat
531 1011 648 1061 ein
687 1005 819 1066 Dach.
884 1012 946 1062 Die
949 1012 1053 1062 Kir
1055 1013 1160 1067 ſche
1195 1015 1270 1072 hat

103 1074 199 1128 auch
234 1067 330 1122 ein
330 1067 487 1130 Dach.
534 1074 625 1123 Der
657 1077 778 1124 Baum
779 1075 902 1131 hat
905 1074 1069 1123 eine
1105 1074 1160 1123 Rin
1161 1067 1267 1124 de.

103 1134 182 1184 Die
237 1135 320 1185 Bir
343 1149 393 1184 ne
439 1128 527 1190 hat
567 1136 667 1184 eine
709 1128 896 1190 Schale.
963 1136 1044 1185 Die
1082 1136 1166 1186 Bir
1187 1150 1267 1185 nen

102 1198 185 1255 han
205 1211 281 1257 gen
329 1197 408 1257 auf
449 1193 527 1247 den
571 1198 676 1247 Bäu
696 1210 804 1247 men.
871 1197 953 1248 Die
999 1199 1069 1257 Har
1072 1199 1149 1257 fe
1196 1199 1270 1257 hat

105 1259 192 1308 Sai
209 1256 287 1308 ten.
355 1259 438 1309 Die
473 1259 624 1316 Geiſge
656 1261 730 1316 hat
762 1261 863 1313 auch
898 1256 1121 1309 Saiten.
1153 1256 1270 1310 Was

105 1321 177 1370 hat
209 1322 267 1370 die
306 1323 376 1371 Or
394 1323 488 1381 gel?
555 1315 644 1370 Der
667 1315 800 1380 Tiſch
840 1322 915 1379 hat
958 1322 1059 1370 eine
1090 1324 1162 1382 Zar
1164 1335 1268 1382 ge.

105 1384 183 1432 Die
224 1380 416 1441 Kutſſche
455 1384 534 1441 hat
571 1383 745 1433 Ränder.
812 1384 895 1433 Die
927 1385 976 1433 Rä
980 1384 1089 1432 der
1106 1380 1174 1441 ha
1192 1380 1269 1433 ben

106 1446 182 1501 Fel
200 1459 290 1505 gen.
341 1442 453 1495 Der
503 1447 579 1495 Kut
580 1445 721 1508 ſcher
767 1445 842 1505 hat
865 1445 919 1508 ei
937 1459 1020 1494 nen
1060 1446 1142 1495 Man
1145 1448 1268 1496 tel.

105 1507 169 1557 Er
201 1504 274 1562 hat
306 1509 409 1562 auch
445 1507 478 1556 ei
497 1521 549 1556 ne
581 1507 679 1562 Veit
698 1507 792 1562 ſche.
840 1506 958 1558 Was
992 1508 1086 1562 thut
1119 1522 1160 1557 er
1193 1509 1269 1558 mit

105 1570 172 1618 der
203 1570 301 1629 Peit
321 1570 433 1628 ſche?

104 1731 1278 1802 A B C D E F G H J K L
105 1809 377 1859 Mn
665 1809 712 1858 ſß
777 1808 825 1858 e

557 1880 601 1929 F
663 1881 815 1939 98
