1478 2378
820 168 857 197 28

186 262 239 300 68.

186 843 239 890 69

181 1274 234 1311 70.

261 679 305 734 ich
334 685 433 735 ſinge,
465 687 510 723 du
536 679 649 734 ſingſt,
681 696 716 722 er
743 685 846 735 ſingt;
877 679 921 734 ich
944 685 1056 734 fange,
1085 687 1129 723 du
1150 679 1272 735 fängſt,
1299 698 1333 724 er
1359 679 1471 737 fängt.

265 267 328 318 Ich
356 269 435 317 löſe,
456 270 501 306 du
528 267 638 317 löſeſt,
664 278 699 305 er
725 267 806 317 löſt;
848 267 892 316 ich
920 267 997 316 leſe,
1044 269 1090 306 du
1116 267 1201 316 lieſt,
1248 280 1281 307 er
1308 262 1401 318 lieſt;

262 320 306 369 ich
335 323 417 367 rate,
454 322 499 358 du
526 320 620 368 rätſt,
664 330 699 358 er
725 323 794 367 rät;
843 319 887 368 ich
910 319 1007 370 laſſe,
1037 321 1082 357 du
1109 319 1196 370 läßt,
1241 332 1276 359 er
1301 317 1394 370 läßt;

262 371 305 421 ich
333 373 424 422 faſſe,
457 375 503 410 du
511 372 637 422 faſſeſt,
660 384 693 409 er
719 372 814 421 faßt;
847 372 891 419 ich
919 368 1006 418 lade,
1036 373 1081 409 du
1108 368 1205 420 lädſt,
1246 385 1280 411 er
1306 368 1394 422 lädt;

262 423 304 476 ich
326 420 425 474 hoſfe,
454 426 499 462 du
516 420 631 475 hoffſt,
663 435 697 461 er
711 420 816 474 hofft;
846 422 890 476 ich
905 423 1006 476 halte,
1037 425 1081 461 du
1101 423 1212 473 hältſt,
1243 437 1275 463 er
1299 420 1390 474 hält;

261 475 304 524 ich
328 472 423 525 fülle,
452 479 497 514 du
524 472 631 525 füllſt,
662 487 696 514 er
718 472 815 525 füllt;
844 475 1024 524 ichwohne,
1035 478 1080 513 du
1090 476 1226 525 wohnſt,
1244 489 1277 515 er
1285 472 1417 525 wohnt;

261 522 305 577 ich
323 522 429 577 fühle,
452 531 496 566 du
515 522 633 578 fühlſt,
662 539 695 566 er
709 522 816 578 fühlt;
845 522 889 576 ich
905 522 1017 574 kenne,
1036 531 1079 566 du
1095 522 1215 577 kennſt,
1241 541 1274 567 er
1301 522 1418 577 kennt;

261 580 304 629 ich
313 580 449 626 kämme,
464 583 508 617 du
519 580 668 629 kämmſt,
684 591 718 617 er
728 581 862 628 kämmt;
875 580 918 629 ich
929 580 1066 627 komme,
1079 583 1123 618 du
1134 581 1277 629 kommſt,
1293 594 1326 620 er
1337 583 1472 630 kommt;

261 632 304 681 ich
318 631 442 680 nehme,
460 635 504 670 du
515 632 665 681 nimmſt,
681 644 715 670 er
725 632 849 670 nimmt;
856 632 928 681 ich
939 631 1070 680 rühme,
1087 635 1132 670 du
1144 632 1279 682 rühmſt,
1295 645 1329 671 er
1338 634 1471 682 rühmt;

317 848 406 890 Wer
425 847 548 896 mäht?
581 847 649 890 Wer
652 848 804 895 kehrt?
838 847 905 889 Wer
909 847 1068 893 bohrt?
1092 847 1162 889 Wer
1164 848 1301 897 feilt?
1331 848 1419 891 Wer

262 900 381 940 dient?
419 893 509 942 Wer
536 900 656 948 fährt?
692 893 779 941 Wer
805 899 948 948 ſäumt?
984 899 1071 941 Wer
1100 893 1239 948 zäumt?
1281 900 1418 942 Womit

261 952 348 1001 hörſt
375 952 449 991 du?
492 947 615 994 Womit
617 953 743 1001 ſiehſt
770 947 842 991 du?
880 951 1004 993 Womit
1005 952 1091 1001 ißt
1101 947 1190 991 du?
1218 952 1290 994 Was
1292 953 1418 1001 thuſt

261 999 305 1044 du
325 999 396 1044 mit
423 1008 485 1043 den
512 999 706 1054 Zähnen?
721 999 878 1045 Womit
907 1003 995 1055 gehſt
1023 999 1095 1043 du?
1142 1003 1263 1045 Wonmit
1265 999 1417 1056 faſſeſt

261 1059 305 1097 du
333 1057 383 1096 die
411 1057 552 1107 Tafel?

349 1125 403 1153 Der
421 1124 529 1158 Mä-her
554 1125 629 1158 mäht.
668 1119 696 1152 U.
716 1124 733 1157 ſ.
752 1130 783 1151 w.

313 1273 382 1316 Im
409 1271 554 1313 Winter
594 1271 635 1323 iſt
675 1278 713 1324 es
743 1272 819 1324 kalt.
872 1271 952 1324 Auf
966 1274 1061 1324 dem
1094 1271 1233 1324 Waſſer
1267 1273 1308 1323 iſt
1335 1273 1411 1313 Eis.

259 1326 332 1380 Was
334 1324 458 1380 fällt
480 1330 553 1380 aus
573 1320 633 1363 den
652 1323 826 1380 Wolken?
860 1323 929 1380 Im
942 1320 1104 1380 Sommer
1107 1320 1190 1380 iſt
1188 1320 1232 1363 es
1235 1320 1323 1380 oft
1342 1326 1415 1376 ſehr

260 1377 347 1427 heiß.
382 1378 459 1416 Der
474 1377 605 1417 Donner
606 1376 750 1429 rollt.
761 1375 840 1414 Aus
859 1378 922 1414 den
941 1375 1063 1429 Wolken
1067 1377 1187 1424 fällt
1205 1380 1261 1415 der
1278 1374 1410 1427 Regen.

259 1430 338 1469 Der
364 1428 508 1478 Weizen
536 1428 616 1477 reift
649 1428 698 1467 im
725 1428 904 1480 Sommer.
962 1427 1032 1469 Wer
1035 1429 1161 1477 mäht
1164 1432 1247 1467 den
1250 1430 1412 1480 reifen

252 1480 428 1530 Weizen?
449 1473 540 1521 Wer
543 1473 701 1519 bindet
727 1480 788 1528 ihn
815 1479 853 1518 in
880 1478 1049 1519 Garben?
1091 1473 1168 1520 Der
1194 1481 1293 1521 Bauer
1296 1473 1412 1521 lädt

258 1534 308 1572 die
324 1533 461 1572 Garben
481 1534 541 1582 auf
568 1532 666 1571 einen
685 1531 833 1580 Wagen.
877 1531 907 1570 Er
908 1532 1016 1582 fährt
1017 1533 1094 1583 ſie
1114 1532 1152 1571 in
1170 1533 1220 1572 die
1238 1533 1410 1584 Scheune.

309 1602 376 1644 Im
399 1601 527 1642 Walde
556 1602 694 1650 wohnen
721 1601 819 1640 wilde
827 1600 972 1651 Tiere.
1015 1602 1096 1641 Dort
1099 1602 1209 1651 ſieht
1228 1614 1307 1642 man
1325 1603 1411 1642 viele

256 1640 422 1694 Baume.
433 1640 512 1692 Die
528 1640 666 1693 Bäume
694 1653 799 1702 haben
826 1643 917 1702 Äſte.
963 1640 1041 1702 Auf
1057 1656 1120 1692 den
1134 1640 1303 1693 Baͤumen
1316 1640 1410 1704 ſitzen

257 1706 381 1753 Bögel.
431 1706 505 1745 Die
533 1706 648 1753 Vögel
675 1704 781 1753 haben
807 1704 942 1753 Neſter.
985 1704 1057 1747 Was
1060 1707 1156 1753 iſt
1174 1701 1324 1745 darin?
1342 1701 1409 1746 Du

256 1753 345 1808 ſollſt
371 1758 421 1796 die
441 1758 522 1797 Eier
551 1753 625 1796 oder
653 1753 703 1796 die
731 1758 860 1807 jungen
882 1757 997 1806 Vögel
1025 1758 1111 1808 nicht
1138 1758 1291 1803 nehmen.
1333 1759 1409 1797 Die

256 1812 349 1849 alten
377 1810 491 1857 Vögel
518 1809 619 1858 holen
646 1809 795 1859 Raupen
831 1810 888 1859 für
921 1809 972 1848 die
999 1809 1128 1860 jungen
1156 1809 1278 1859 Vögel.
1333 1810 1408 1849 Die

255 1863 382 1912 jungen
409 1862 526 1912 Vögel
558 1865 688 1901 werden
714 1861 790 1900 bald
824 1862 952 1911 ſingen.
1008 1862 1098 1900 Dann
1101 1862 1238 1913 hörſt
1265 1866 1309 1902 du
1336 1863 1408 1912 ihre

254 1911 379 1955 Lieder.

570 1965 679 1999 Nimmſt
698 1966 730 1992 du
750 1965 793 1992 den
813 1964 911 1998 Vögeln
931 1964 989 1998 Neſt
1006 1965 1058 1992 und
1078 1965 1119 1998 Ei,

570 2001 624 2034 iſt's
643 1997 690 2027 mit
707 1999 807 2034 Geſang
825 1997 875 2026 und
895 1999 958 2032 Obſt
976 2000 1069 2026 vorbei.
