1472 2366
799 181 838 209 34

168 622 223 658 85.

169 1301 223 1336 86.

170 1855 224 1891 87.

244 278 293 316 die
316 276 428 326 Herde
447 279 507 328 auf
530 278 581 316 die
602 278 727 328 Trift?
761 278 828 320 Wer
832 279 955 328 kocht
975 271 1038 319 den
1058 279 1175 320 Brei?
1212 280 1281 322 Wer
1282 281 1403 320 backt

245 332 305 368 das
323 325 445 369 Brot?
481 325 548 372 Wie
551 325 724 381 ſchmeckt
743 331 793 370 die
812 325 980 371 Traube?

667 400 722 433 Für
741 400 826 434 Speiſ'
842 402 893 428 und
914 401 999 429 Trank

667 432 720 463 dem
739 432 820 463 Geber
839 436 920 463 Dank.

296 486 351 517 Der
370 486 454 520 Stuhl
471 487 500 520 iſt
519 490 570 514 aus
589 487 661 522 Holz.
699 488 729 514 U.
751 488 766 520 ſ.
787 493 817 515 w.

245 670 345 721 treibt
368 673 430 709 den
450 669 573 709 Staub
597 665 636 709 in
660 671 711 710 die
729 671 840 721 Höhe.
885 672 960 712 Die
979 665 1086 714 Wolke
1088 665 1260 721 ſchwebt
1282 674 1319 713 in
1350 677 1405 713 der

245 720 337 777 Luft.
372 722 402 760 Es
403 722 535 777 blitzt
558 726 628 762 und
652 719 804 763 donnert.
841 725 919 764 Der
954 724 1077 776 Regen
1105 719 1293 777 plätſchert.
1324 727 1405 766 Der

245 769 366 813 Boden
385 774 468 813 wird
488 769 570 825 naß.

615 827 722 854 Wenn's
740 827 832 861 ſchneit,
851 828 937 855 wird's
956 829 1032 862 weiß;

615 863 710 889 wenn's
729 858 807 896 friert,
826 858 903 897 gibt's
924 864 980 891 Eis.

298 913 386 952 Dann
390 915 557 965 ſingen
585 915 665 953 wir:

528 984 559 1019 E,
578 991 597 1016 e,
616 992 635 1017 e,
655 992 708 1011 nun
727 985 778 1019 gibt
796 989 824 1012 es
843 985 892 1013 Eis
910 986 962 1013 und
982 986 1077 1018 Schnee

529 1018 622 1055 Blumen
623 1015 747 1052 blüh'n
766 1028 799 1048 an
817 1015 1031 1053 Fenſterſcheiben,

528 1053 579 1086 ſind
598 1054 662 1086 ſonſt
679 1049 784 1086 nirgend
804 1049 980 1086 aufzutreiben.

529 1083 559 1120 E,
578 1083 603 1121 e,
617 1096 636 1121 e,
646 1083 709 1115 nun
723 1083 781 1122 gibt
799 1092 826 1116 es
842 1083 894 1117 Eis
913 1090 963 1116 und
984 1090 1088 1122 Schnee.

298 617 374 657 Der
405 617 517 659 Wind
556 618 652 667 weht.
694 619 770 658 Der
792 619 928 660 Sturm
959 621 1073 669 brauſt
1104 623 1173 660 und
1204 621 1304 669 heult.
1355 622 1405 661 Er

286 1220 338 1279 gl,
364 1218 415 1275 kl,
445 1220 507 1277 ſkl,
541 1232 596 1279 gr,
630 1220 682 1275 kr,
715 1233 776 1279 gn,
807 1221 863 1275 ku,
898 1233 959 1277 qu,
993 1228 1058 1281 zw,
1094 1222 1147 1280 pf,
1179 1221 1246 1280 pfl,
1279 1223 1355 1281 pfr.

249 1298 357 1346 Glas;
387 1297 492 1346 Klotz,
522 1297 632 1344 Kleid,
662 1298 788 1346 Klaue;
818 1299 968 1347 Sklave;
995 1299 1117 1347 Greis,
1139 1299 1246 1347 Grab,
1272 1300 1400 1350 Grube,

247 1350 357 1401 Griff,
380 1350 531 1401 Griffel;
561 1350 676 1397 Kreis,
698 1350 803 1400 Krug,
825 1351 947 1397 Kraut,
978 1351 1101 1401 Kreuz,
1124 1346 1245 1401 Kranz,
1277 1346 1401 1399 Krone,

246 1400 367 1456 Kröte;
385 1400 523 1456 Gnade;
545 1401 645 1456 Knie,
666 1402 798 1456 Knecht,
820 1403 947 1456 Knopf,
966 1400 1096 1456 Knabe,
1115 1400 1264 1456 Knoſpe;
1280 1404 1400 1455 Qual,

245 1451 377 1505 Quaſt,
394 1454 547 1502 Quelle;
567 1454 700 1504 Zweig,
725 1454 865 1505 Zwerg;
891 1451 1000 1506 Pfau,
1003 1455 1128 1506 Pfad,
1149 1451 1260 1503 Pfeil,
1283 1451 1401 1506 Pferd,

248 1507 372 1560 Pfeife,
403 1506 517 1557 Pfote,
541 1506 674 1557 Pforte,
700 1506 820 1558 Pflug,
843 1505 1044 1559 Pflaumen,
1064 1507 1217 1560 Pflanze,
1239 1505 1401 1560 Pflaſter,

247 1559 384 1610 Pfropf.

562 1603 648 1639 Quäle
665 1603 705 1639 nie
708 1603 763 1639 ein
781 1603 841 1639 Tier
857 1610 915 1636 zum
934 1603 1032 1637 Scherz,

562 1638 625 1665 denn
645 1640 671 1664 es
688 1637 752 1671 fühlt
770 1638 815 1664 wie
834 1635 866 1664 du
884 1641 929 1673 den
949 1635 1076 1671 Schmerz.

298 1698 341 1726 Das
343 1697 454 1731 Glas,
476 1698 514 1725 die
532 1698 646 1732 Glä⸗ſer;
671 1698 712 1725 der
731 1696 807 1732 Klotz,
827 1698 862 1725 die
880 1698 991 1733 Klöt⸗ze;
1010 1707 1036 1725 u.
1054 1700 1071 1732 ſ.
1094 1706 1125 1727 w.

300 1846 360 1886 Der
361 1845 516 1896 Schnee
520 1847 595 1897 iſt
614 1848 711 1898 weiß.
749 1848 805 1886 Die
808 1848 945 1887 Tinte
963 1849 1004 1896 iſt
1023 1848 1172 1898 ſchwarz.
1209 1848 1284 1887 Die
1303 1848 1402 1897 Aſche

245 1899 285 1949 iſt
305 1911 397 1948 grau.
438 1895 521 1938 Grün
525 1895 607 1949 iſt
622 1895 693 1938 das
699 1899 808 1938 Gras.
845 1900 920 1939 Blau
923 1900 1006 1949 iſt
1026 1895 1082 1938 der
1101 1895 1269 1949 Himmel.
1308 1895 1402 1939 Gelb

245 1947 285 2004 iſt
311 1947 365 1989 der
393 1947 587 2004 Schwefel.
630 1952 715 1991 Das
742 1952 822 1991 Blut
821 1952 910 2000 hat
939 1947 1024 1991 eine
1045 1947 1123 1991 rote
1145 1953 1265 2002 Farbe.
1302 1952 1402 1991 Der

245 2003 358 2043 Tabak
386 2003 442 2052 hat
470 2004 543 2042 eine
572 2004 699 2043 braune
727 2005 848 2055 Farbe.
