1797 3060
569 223 952 271 Von Jeſus Chriſtus.
1406 238 1452 278 15
74 356 1455 430 ſchen redlich und aufrichtig. Er that ihnen nie das
75 444 1457 518 kleinſte Unrecht, ſondern er wies ihnen alles Liebe
75 532 1456 606 und Gute. Man mußte ihn alle Tage lieber haben!
211 638 1458 711 Der Knabe Jeſus war recht folgſam. Er that
75 725 1458 798 ſeiner Mutter alles zu lieb, was er ihr nur an den
76 812 1454 887 Augen abſehen konnte. Er half ſeinem Pflegevater,
77 899 1456 972 der ein Zimmermann war, treulich bei der Arbeit.
79 987 1456 1063 Er war voll Liebe und Dank gegen ſeine El tern,
77 1074 1082 1145 und war ihnen in allem unterthan.
212 1162 1458 1237 Liebſte Kinder! Dem Knaben Jeſus ſollt auch
83 1249 1461 1323 ihr in allem ähnlich werden. Habt ſein Bild im=
81 1336 1460 1413 mer vor Augen. Fromm, fleißig, freundlich, folg=
81 1424 1455 1501 ſam, war der kleine Jeſus. Fromm, fleißig, freundlich,
80 1511 1460 1591 folgſam, ſollt auch ihr ſein. Diese vier F müßt ihr
81 1598 1461 1674 euch recht merken. Dann kommt dazu noch von ſelbſt
85 1683 1396 1763 das fünfte F. Ihr ſeid dann auch ſtets fröhlich.
726 1914 822 1962 III.
83 2002 1464 2082 Jeſus Chriſtus, der beſte Lehrer der Kinder.
217 2140 1463 2220 Als Jeſus dreißig Jahre alt war, fing er an,
86 2226 1465 2305 die Menſchen zu lehren. Er hatte viele Jünger.
87 2312 1465 2394 Einſt zeigte er ſich ſeinen drei liebſten Jüngern auf
86 2400 1465 2479 einem Berge in himmliſcher Klarheit und Schönheit.
85 2486 1463 2566 Da kam eine Stimme vom Himmel, und ſprach:
90 2574 1465 2654 „Dieſer iſt mein lieber Sohn, an dem ich Wohlge=
87 2661 1137 2738 fallen habe. Dieſen ſollt ihr hören."
