1806 3046
1455 178 1516 222 35
83 303 1525 376 handeln es nie mit der Peitſche. Ein Tier fühlt
86 385 1524 457 den Schmerz ſo gut, wie der Menſch. — Das Pferd
84 468 969 535 wird auch zum Reiten gebraucht.
266 582 1340 653 18. Was die Tiere alles lernen.
87 676 1524 749 Die Enten lernen ſchnattern, die Fledermäuſe flattern;
89 746 1422 818 die Hähne lernen krähen; die Schafe lernen bähen;
87 816 1444 887 die Tauben lernen fliegen, und meckern alle Ziegen;
89 886 1523 958 die Stare lernen plappern, die jungen Störche klappern,
91 956 1257 1027 das Mauſen und Haſchen lernt das Kätzchen,
89 1026 1370 1098 das Schmauſen und Naſchen lernt das Spätzchen.
361 1098 1040 1166 Die Bienen lernen ſparen,
359 1168 980 1235 arbeiten und verwahren,
362 1239 1014 1305 die Spinne lernet weben,
364 1309 1229 1378 der Schmetterling lernt ſchweben;
360 1378 1171 1446 die Fiſchlein lernen ſchwimmen,
362 1449 1109 1516 Eichhörnchen lernen klimmen.
360 1518 1224 1587 Das Brüllen lernt das Kälbchen,
358 1588 1259 1658 und bauen lernt das Schwälbchen,
361 1659 1308 1728 und Fink' und Lerch' und Nachtigall,
367 1729 1243 1798 der Stieglitz und die Vöglein all,
361 1797 1167 1867 die lernen ſüßer Lieder Schall.
536 1915 1094 1984 19. Die Bäume.
190 2005 1535 2076 Im Walde und im Garten ſind viele Bäume. Die
92 2087 1532 2162 Bäume ſind Pflanzen. Der Baum hat eine Wurzel,
94 2161 1536 2242 einen Stamm und viele Äſte. Die Wurzel, der Stamm
93 2241 1536 2323 und die Äſte beſtehen aus Holz. Das Holz iſt von der
93 2331 1534 2406 Rinde bedeckt. Im Winter iſt der Baum ohne Blätter.
93 2412 1535 2485 Im Frühlinge aber bekommt er Blätter und Blüten.
93 2493 1536 2570 Welcher Baum iſt auch im Winter grün? Das Holz
94 2575 1537 2650 der Bäume braucht der Tiſchler, der Zimmermann, der
94 2657 1536 2734 Drechſler und der Büttner. Der Tiſchler macht aus
1264 2757 1311 2793 3*
