1808 3052
1423 157 1485 204 21
74 303 1068 403 37. chs = x (ks)
177 417 1489 496 Axt, Achſe, Achſel, Ochs, Luchs, Fuchs, Dachs,
77 505 1491 585 Lachs, Wachs, Wichſe, wichſen, wachſen, wechſeln, drech⸗
78 599 1104 673 ſeln; Büchſe, Büſche; wachſen, waſchen.
695 740 883 809 Rätſel.
423 843 1080 914 Ich wachſe aus der Erde
423 933 979 999 und kleide jedermann,
428 1018 1118 1088 den Kaiſer und den König
428 1107 1116 1175 und auch den Bettelmann.
641 1246 954 1319 Der Fuchs.
189 1347 1504 1424 Fuchs, du haſt die Gans geſtohlen, gib ſie wieder
90 1436 1501 1511 her, ſonſt wird dich der Jäger holen mit dem Schieß⸗
92 1535 269 1600 gewehr.
192 1610 1507 1685 Sieh, er ladet ſchon die Flinte und dich trifft ihr
97 1697 1507 1772 Schrot, daß dich färbt die rote Tinte, und dann biſt
96 1797 264 1850 du tot.
194 1871 1511 1947 Liebes Füchslein, laß dir raten, ſei doch nur kein
98 1958 1510 2035 Dieb; nimm, du brauchſt nicht Gänſebraten, mit der
98 2057 464 2110 Maus vorlieb.
100 2154 965 2252 38. ti wie zi
200 2274 1509 2351 Por ti on, Ra ti on, Na ti on, Sta ti on, Pa ti ent,
101 2369 688 2437 Pon ti us, Con ſtan ti a.
200 2448 1513 2526 Der Arzt beſucht ſeine Patienten. Wir eſſen eine
104 2535 1512 2612 Portion Fleiſch. Das Pferd erhält eine Ration Heu.
105 2623 1341 2700 Ein ganzes Volk nennt man auch eine Nation.
