1840 3044
299 223 329 263 4
296 322 1149 438 3. uh, üh.
447 439 1598 542 Die Uhr geht. Die Uhren gehen.
301 534 1755 644 Die Kuh iſt auf der Weide. Die Kühe
701 643 1372 736 ſind auf der Weide.
422 751 1760 861 Uhr, Ruhr, Schuh, Schuhe, Huhn, Hüh-
307 849 1762 960 ner, ruhen, ruhig, Ruhe, Mühle, Mühlen,
309 965 1142 1060 fühlen, wühlen, kühl, kühn.
429 1051 1619 1155 Bühne, Biene; Kiel, kühl; Kien, kühn.
313 1199 1167 1304 4. ah, äh.
433 1306 1766 1412 Kahn, Hahn, Bahn, Zahn, zahm, Zahl,
316 1404 1773 1512 kahl, Jahr, wahr, Wahrheit; Kähne, Hähne,
318 1495 1774 1610 Zähne, Mähne, Ähre, nähren, währen, zählen,
320 1620 1083 1709 wählen, wähnen, gähnen.
441 1702 1778 1806 Das Schaf iſt zahm. Die Mäher mähen
324 1803 1585 1902 eine Wieſe ab. Rede nur die Wahrheit!
327 1961 1178 2068 5. oh, öh.
446 2066 1785 2171 Ohr, Rohr, Sohn, Mohn, Bohne, Kohl,
331 2167 1781 2272 hohl, wohl, Sohle, Kohle, bohren, lohnen, woh=
334 2257 1788 2370 nen; Ohr, Öhr, Rohr, Röhre, Sohn, Söhne,
333 2372 1445 2470 Höhle, Höhe, gewöhnen, verſöhnen.
456 2463 1792 2566 Mit dem Ohre hören wir. Die Nadel hat
340 2553 1794 2667 ein Öhr. Das Rohr iſt hohl. Verſöhne dich
346 2680 937 2763 mit deinem Feinde!
