1826 3050
429 361 1102 502 Dritte Stufe.
361 550 1154 656 1. Der kleine Schüler.
134 654 1502 746 Sonſt war ich klein, jetzt bin ich groß, lern leſen,
32 746 1504 831 rechnen, ſchreiben, ſitz' nicht mehr auf der Mutter Schoß,
34 829 1508 919 die Zeit mir zu vertreiben. Will aber auch recht fleißig
32 916 1508 1008 ſein! Wie werden ſich die Eltern freun, wenn mich
32 1006 515 1089 die Lehrer loben!
121 1136 1418 1244 2. Das Büblein auf dem Schulwege.
377 1248 1199 1340 Das Hündchen bellt hau, hau,
306 1334 987 1423 das Kätzlein ſchreit miau,
304 1423 1189 1513 das Kühlein brummt muh, muh,
304 1513 1135 1600 das Täublein macht ruh, ruh.
300 1596 1128 1688 Wie ſchreit das Büblein denn,
304 1686 1120 1771 wenn's ſoll zur Schule gehn?
306 1771 1137 1865 Das Büblein ſoll nicht ſchrein,
302 1860 941 1946 es geht ja gern hinein.
510 2004 1037 2104 3. Die Schule.
131 2112 1505 2197 Das Schulhaus iſt ein großes Haus mit vielen
37 2195 1503 2287 Zimmern. Unſer Schulzimmer hat vier Wände, einen
35 2285 1501 2372 Fußboden und eine Decke. Durch die Thüre kann man
35 2370 1497 2458 in das Zimmer gehen, durch die Fenſter ſcheint das
37 2458 1497 2549 Licht herein, der Ofen heizt im Winter das Zimmer.
37 2545 1499 2634 Die Thüre iſt von Holz, der Ofen von Eiſen, die
37 2634 1493 2724 Fenſter ſind von Glas. Die Kinder ſitzen auf Bänken,
