1805 3048
1432 172 1489 217 11
54 287 1505 369 Tie re. Wie geht's? Wer hat's? Red doch hübſch
57 378 229 444 deutſch!
327 531 1088 606 Die Gul den und die Hel ler,
329 620 1138 693 Die Schüſ ſeln und die Tel ler,
328 707 1053 780 Die Rol len und die Ring e
328 796 1042 866 Sind lau ter run de Ding e.
257 959 1314 1033 Wenn's Som mer iſt, dann bin ich kalt.
256 1046 1212 1121 Im Win ter werd' ich heiß als bald.
326 1210 1239 1284 Bin fer tig wohl ſchon lang e Zeit,
326 1298 1224 1371 doch wur de ich ge macht erſt heut.
323 1461 1199 1535 Lang und rund und in nen hohl;
323 1547 1226 1622 in den Kel lern ſieht man's wohl.
59 1715 1498 1794 Ein Männ lein ſteht im Wal de ganz ſtill und ſtumm.
59 1803 1299 1878 Es hat von lau ter Pur pur ein Mänt lein um.
59 1891 1001 1963 Sagt, wer mag das Männ lein ſein,
59 1976 1498 2055 das da ſteht im Wald al lein mit dem pur pur roten
996 2074 1296 2128 Män te lein.
58 2192 1498 2293 20. Im Wal de ſtehn die Bäu me dicht bei ſam men.
59 2303 1498 2381 Da iſt es im Som mer kühl und ſchön. Es gibt ſü ße
59 2390 1498 2468 Nüſ ſe und ſaf ti ge Bee ren. Im Wald lebt auch das
59 2472 1499 2556 Wild: der Ha ſe, das Reh, der Hirſch. Die ſe Tie re
60 2565 1496 2643 ſind ſcheu. Sie wiſ ſen, daß der Jä ger ihr Feind iſt.
60 2651 1497 2729 Da rum lau fen ſie ei lig da von, ſo bald ein Menſch kommt.
