1849 3040
364 212 416 252 14
859 208 1254 254 Von Jeſus Chriſtus.
363 335 1754 409 mit. Ihr kön net euch den ken, daß er auf dem We ge
364 422 1749 494 ſo ſtill und ſitt ſam und in dem Tem pel ſo voll An⸗
365 510 1751 583 dacht war, daß al le from men, gu ten Men ſchen Freu de
365 598 1750 669 dar an hat ten. Auf dem Heim wege a ber be merk ten
365 685 1750 758 ſei ne El tern auf ein mal, daß er nicht mehr bei
367 772 1751 845 ih nen war. Sie ſuch ten ihn drei Ta ge lang. End⸗
368 857 1753 930 lich fan den ſie ihn in dem Tem pel. Sei ne Mut ter
368 947 1753 1019 ſag te: „Sohn, war um haſt du uns das ge than?
369 1033 1751 1106 Sieh dein Va ter und ich, wir ha ben dich mit
370 1120 1752 1192 Schmer zen ge ſucht." Er a ber ſag te freund lich:
371 1206 1751 1281 „Wißt ihr denn nicht, daß ich in dem ſein muß,
369 1294 1753 1364 was mei nes Vaters iſt?“ So gern war er in dem
368 1381 1754 1457 Hau ſe ſei nes Va ters; ſeine größ te Freu de war, den
370 1469 1753 1541 Wil len Got tes zu thun. Er nahm zu, wie an Al ter,
371 1555 1753 1631 ſo an Weis heit und Gna de bei Gott und den Men ſchen.
512 1661 1757 1730 Der Kna be Je ſus war flei ßig, und ei frig in
371 1748 1755 1820 al lem Gu ten. Er hat te ſei ne größ te Freu de an
371 1835 1757 1905 dem Wor te Got tes. In dem Tem pel war er mit ten
371 1923 1759 1995 un ter den Leh rern. Er hör te ih nen auf merk ſam
373 2009 1760 2082 zu; er frag te ſie, und gab auf je de ih rer Fra gen
373 2096 1757 2169 die be ſte Ant wort. Die Leh rer und das Volk wa ren
374 2188 1195 2255 er ſtaunt ü ber ſei ne Weis heit.
516 2290 1761 2358 Der Kna be Je ſus war ge gen al le Men ſchen
375 2376 1761 2451 gut und freund lich. Aus ſei nem Mun de kam nie
376 2463 1761 2537 ein bö ſes Wort. Er that kei nem Kin de et was zu
378 2549 1765 2621 leid und be trüb te nie ei nen Men ſchen. Im mer
376 2638 1762 2714 ſag te er die Wahr heit, und war ge gen al le Men⸗
