1838 3044
344 198 407 240 20
343 321 1760 398 Cypreſſe iſt ein Baum. Die Hyacinthe iſt eine Blume.
343 409 1759 484 Die Hyäne iſt ein wildes Tier. In dem Cirkus ſind
345 496 1763 571 gute Reiter. Cäcilia und Cöleſtine sind Namen für
345 592 579 658 Mädchen.
345 713 1231 796 34. C c = k
449 862 1767 938 Der Herr geht in das Cafe. Die Kinder ſingen
346 959 653 1011 den Accord.
873 1067 1266 1162 Ch ch = k
456 1218 1766 1293 Chor, Choral, Cholera, Chriſt, Chriſten, Chriſtus,
349 1311 1113 1382 chriſtlich, Chriſtian, Chriſtine.
457 1397 1768 1474 Chriſtus ſtarb am Kreuze. Die Kinder freuen ſich
352 1484 1771 1563 auf das Chriſtfeſt. Ein Choral iſt ein Kir chen ge ſang.
353 1655 1314 1748 35. Der Chriſtbaum.
496 1799 1643 1878 Ich kenne ein Bäumchen gar fein und zart.
500 1886 1550 1963 Es trägt auch Früchte von ſeltener Art.
499 1973 1580 2052 Es blitzet und leuchtet mit hellem Schein
498 2063 1387 2137 tief in des Winters Nacht hinein.
498 2147 1610 2226 Das ſehen die Kinder und freuen ſich ſehr
500 2233 1774 2311 und pflücken vom Bäumchen und pflücken es leer.
330 2417 1563 2508 36. Qu, O; C, F; c, e; y
466 2558 1776 2642 Quelle, Oheim, Epheu, Cider, Eiter, Eiſen, Quarz,
353 2659 500 2733 Obſt.
