1822 3048
481 337 1168 460 Zweite Stufe.
418 514 1242 601 A. Dehnung und Schärfung.
800 634 839 686 I.
100 764 1003 861 1. aa, oo, ee.
100 894 1537 990 Der Aal iſt ein Fiſch. Der Aar iſt ein
718 997 922 1076 Vo gel.
212 1106 1165 1194 Haar, Saat, Aas, Saal, Paar;
214 1206 822 1292 Boot, Moor, Moos;
215 1304 1534 1398 Meer, See, See le, Heer, Bee re, Ar mee,
93 1400 785 1488 Teer, Beet, leer, ſcheel.
210 1503 1531 1594 Das Haar iſt fein. Das Aas iſt faul.
91 1600 1531 1693 Der Saal iſt hoch. Das Moor iſt öde. Das
93 1699 905 1787 Meer oder die See iſt tief.
92 1848 853 1936 2. ie.
364 1973 1256 2059 Die Zie ge hat vier Bei ne.
205 2084 1524 2179 Wie ge, Wie ſe, Rie ſe, Bier, hier, vier, viel,
89 2185 1525 2278 wie, ſie, die, nie, tief, ſchief, lie gen, lie ben,
86 2283 587 2367 ſchie ben, ſchie len.
200 2382 1521 2480 Wie ſe, Wei ſe; Rie ſe, Rei ſe; ſie, ſei; leis,
84 2482 649 2563 lies; lie ben, lei den.
197 2584 1520 2679 Zie ge, Zü ge; Zie gel, Zü gel; Ding e, düng e;
82 2680 1459 2771 vier, für; lie gen, lü gen. Wir rie ben Rü ben.
1262 2797 1312 2830 1*
