1834 3044
317 156 382 200 24
598 289 1402 355 Du ſchöne Lilie auf dem Feld
598 377 1183 442 in aller deiner Pracht,
596 462 1461 529 du biſt zum Vorbild mir beſtellt,
595 552 1250 617 zum Lehrer mir gemacht.
416 677 1735 747 Ot ti lie, Dani el, Ezechi el, Indi en, Arabi en,
314 764 1735 834 Kaſtani en, An tio chi en, Pe ter ſi li e, Me ſo po ta mi en,
315 857 615 922 Amphibi en.
311 1058 1733 1154 42. Richtiges Leſen (Ablöſen) der Vorſilben.
413 1176 1730 1246 A horn, U hu, ge horchen; ent äußern, ent eilen, ein⸗
312 1264 1728 1335 teilen; er eilen, er obern, er reichen, er retten, er ringen;
312 1351 1734 1420 vor ab, vor an, vor aus; an genehm, an geben, an kommen;
312 1438 1733 1509 ab beißen, ab eiſen, ab binden, ab bitten, Ab fall, A pfel;
312 1525 1725 1595 ein neh men, Ein nahmen, ein ſteigen, hin neigen; her ein,
313 1612 1735 1684 hin aus, aus ſehen, auf finden, auf fangen, weg gehen;
311 1699 1724 1769 ge übt, ge eignet, ge irrt, ge impft, ein ge engt; Nacht eule,
309 1786 1724 1856 Nach teile; Nacht raben, nach traben; Müh ſeligkeit,
311 1878 667 1943 Miß helligkeit.
410 1965 1732 2033 Das Kind wird geimpft. Das Feld wird geeggt.
308 2052 1725 2122 Der Weg wird geebnet. Du haſt dich geirrt. Ein
308 2138 1725 2210 gutes Kind gehorcht geſchwind. Unrecht muß man ab⸗
308 2225 1733 2293 bitten. Kannſt du den Ball auffangen? Kannst du
307 2312 1721 2382 den Apfel erreichen? Des Armen ſoll man ſich an⸗
306 2398 1729 2470 nehmen. Kannſt du den Faden abbeißen? Die Treppe
305 2491 778 2556 muß man abeiſen.
