1806 3052
528 236 1006 287 Von dem heiligen Geiſte.
1401 248 1456 288 23
74 362 1458 441 und froh, und hüpft und ſpringt vor Freude. So
73 450 1463 530 erwärmt der heilige Geiſt auch euer und unser aller
72 538 1460 617 Herz, erfüllt es mit Freude, und gibt allem Guten
73 625 1461 704 dar in Wachstum und Gedeihen. Die Luftbelebt.
72 712 1461 793 Ohne daß wir ſie ſehen, atmen wir ſie jeden Au=
74 801 1461 879 gen blick ein. Ohne Luft könnten wir gar nicht leben.
74 887 1459 966 So können wir ohne den heiligen Geiſt, ob wir ihn
73 975 1293 1052 gleich nicht ſehen, nicht gut und weiſe leben.
208 1063 1457 1141 Noch deutlicher ſehet ihr an den Jüngern,
72 1149 1459 1228 wozu dem Menſchen der Beiſtand des heiligen
73 1235 698 1306 Geiſtes notwendig ſei.
208 1323 1460 1402 Bevor er kam, waren die Jünger öfters un=
73 1409 1461 1491 verſtändig, klein mütig und nicht ohne Mangel.
71 1497 1459 1578 Nachdem er gekommen war, ſahen ſie alles hell und
71 1584 1461 1666 klar ein, was Jeſus ihnen geſagt hatte. Sie fühlten
72 1671 1460 1748 neue Luſt und Kraft zum Guten. Sie waren voll
71 1757 1459 1835 Freudigkeit, voll Mutes und Troſtes in allen Lei=
71 1843 1458 1928 den. Ebenſo, wie die Jünger, könnt auch ihr erſt durch
70 1930 1458 2014 den heiligen Geiſt recht verſtändige, gute, zufrie=
70 2016 1457 2099 dene Menſchen werden. Wenn euch daher das Lernen
66 2105 1453 2186 ſchwer wird, wenn euch das Gute hart ankommt,
67 2192 1452 2276 wenn ihr traurig ſeid, so bittet nur recht herzlich
67 2279 1402 2362 um den Beiſtand dieſes guten heiligen Geiſtes.
195 2488 1450 2574 Liebe Kinder! Nun habt ihr mehreres gehört
63 2574 1445 2661 von unſerm lieben Gott: von dem Vater im Himmel,
62 2661 1444 2748 von ſeinem lieben Sohne und von dem heiligen
