1799 3048
1397 163 1483 230 13
303 315 938 384 Schlaf, Kindlein, ſchlaf!
304 399 1056 470 Der Vater hütet die Schaf.
309 485 1334 557 Die Mutter ſchüttelt das Bäumelein;
313 574 1155 645 da fällt herab ein Träumelein.
314 663 940 732 Schlaf, Kindlein, ſchlaf!
47 798 1489 901 22. Einer der Anlaute iſt nicht tönend.
146 903 1483 978 Blei, blau, Blut, Blatt, Blitz, blüht, Platz, plagen,
47 990 1484 1069 Plage, Platte; brav, breit; Pfau, Pfeil, Pfahl, Pfanne,
50 1077 1485 1157 Pfennig, Pfarrer; Brot, Brett, Brief, Preis, Probe,
49 1165 1486 1245 praſſen; drei, dreiſt, Draht, Drache, dreſchen, drücken,
53 1252 1488 1329 treu, Traum, träg, tragen, trocken, trotzen, Thron,
52 1339 1488 1418 Thran, dran, Thräne, Thränen, trennen; klein, Kleid,
53 1426 1487 1506 Klee, Kloß, klar, klug, glatt, Glied, gleich, Glocke,
55 1515 1489 1594 glücklich, glimmen; Kreuz, Kreuzer, Kreis, Kreide,
55 1601 1493 1682 Krug, krumm, grau, grün, Greis, Gras, Graf, greifen.
156 1689 1496 1766 Der Baum blüht. Das Blatt fällt. Der Blitz
60 1775 1496 1854 zuckt. Die Glocke ſchallt. Der Hahn kräht. Der Greis
61 1877 216 1942 zittert.
260 1936 1303 2008 Jung iſt nicht alt; warm iſt nicht kalt;
263 2022 1312 2096 groß iſt nicht klein; grob iſt nicht fein;
264 2109 1314 2182 arm iſt nicht reich; hart iſt nicht weich.
164 2249 1364 2325 Ich binde und winde; ich ſchalte und walte.
169 2335 1439 2411 Du wetteſt und wageſt; du zitterſt und zageſt.
349 2474 1229 2562 Was ein Kind wiſſen ſoll.
342 2573 1208 2646 Wie viel Stücke ſind ein Paar?
340 2660 1248 2733 Wie viel Monden hat das Jahr?
