1853 3044
383 196 415 241 8
983 204 1183 243 Von Gott.
382 323 1783 413 und für all das, was du heut an mir thatſt. Wenn dir
381 410 1776 500 das Stück Brot wohl ſchmeckt, ſo denk, es iſt von Gott.
378 497 1778 590 Wenn du die Blum' pflückſt, die ſo ſchön iſt und ſo
380 584 1774 676 wohl riecht, ſo denk: Gott läßt ſie ſo ſchön blühn. Wenn
376 671 1775 766 man dir Obſt gibt, ſo denk: Gott macht es ſo ſchön
373 759 1773 853 rot und gelb, ſo ſüß und ſo voll Saft. — So oft
371 847 1765 942 man dir ein Ding ſchenkt, das ſchön iſt und dich freut,
372 933 1767 1029 ſo denk: es iſt von Gott, und dank ihm und dem, durch
371 1021 1767 1114 den er es dir gibt. — Dank Gott für das Aug', mit
369 1109 1764 1203 dem du ſiehſt, und für das Ohr, mit dem du hörſt;
368 1196 1764 1290 dank ihm für die Hand, mit der du ſo viel thun, und
367 1283 1762 1377 für den Fuß, mit dem du frei und schnell hin und
367 1368 1761 1462 her gehn kannſt. Dank Gott für Milch und Brot und
366 1457 1762 1553 Obſt, für Kleid und Bett und Haus. Denk recht oft:
365 1544 1757 1639 es freut mich, daß ich Sonn' und Mond, Berg und
363 1631 1761 1729 Thal, Laub und Gras ſehn kann. Doch noch mehr
360 1719 1758 1814 freut es mich, daß all das von dir iſt! O Gott, dir
360 1807 614 1875 ſei Dank!
1029 2016 1079 2062 9.
499 2116 1748 2210 Weil Gott ſo gut iſt, ſo gib auch du, mein Kind,
358 2201 1752 2295 dir Müh', ſo gut zu ſein, wie er iſt. Du weißt, Gott
356 2288 1748 2386 hat nur Luſt an dem, was gut und was recht iſt. Hab
353 2376 1747 2470 du nun auch Luſt, recht gut, fromm und brav zu ſein.
350 2462 1745 2559 Glaub es nur, fromm und gut ſein iſt mehr, als reich
349 2549 1746 2646 und ſchön ſein. Was Gott ſagt, iſt wahr; er hält
