1840 3042
370 225 422 265 16
876 224 1281 268 Von Jeſus Chriſtus.
516 351 1773 419 Je ſus, der Leh rer al ler Men ſchen, iſt auch eu er
368 438 1771 507 Leh rer, mei ne lie ben Kin der. Was er lehr te, iſt ſo
374 525 1770 594 klar, daß es auch ſchon Kin der ver ſteh en kön nen. Es
371 611 1770 682 iſt ſo ſchön, daß auch ſchon Kin der Freu de dar an
372 698 1771 769 ha ben müſ ſen. O meine lieb ſten Kin der! Denkt
372 786 1772 856 euch, Je ſus ſei in eu rer Mit te und ihr ſe het ſein
372 872 1771 943 freund li ches An ge ſicht. Laßt euch ſein, als ver neh⸗
372 959 1771 1031 met ihr je des ſei ner Wor te, die jetzt fol gen, aus
373 1051 815 1116 ſei nem Mun de:
515 1185 1775 1256 „So ſehr hat Gott die Welt ge liebt, daß er
375 1273 1769 1343 ſei nen ein ge bor nen Sohn da hin gab, da mit al le,
375 1359 1774 1429 die an ihn glau ben, nicht ver lo ren ge hen, ſon dern
374 1448 1102 1516 das e wi ge Le ben ha ben.“
520 1579 1774 1649 „Ich bin der gu te Hirt. Ich ken ne mei ne
377 1666 1774 1736 Scha fe, und ſie ken nen mich. Mei ne Scha fe hö ren
376 1753 1776 1822 mei ne Stim me, und fol gen mir nach. Ein gu ter
374 1839 1777 1910 Hirt läßt ſein Le ben für ſei ne Scha fe. Ich ge be
376 1926 1777 1998 ih nen das e wi ge Le ben. Sie wer den e wig nicht
377 2012 1778 2084 ver lo ren ge hen. Nie mand wird ſie aus mei ner
375 2105 752 2171 Hand reißen.“
523 2221 1779 2292 „Ich bin der wa hre Wein ſtock: ihr ſeid die
378 2308 1779 2377 Re ben. Die Re be kann keine Frucht brin gen von
380 2395 1779 2465 ihr ſelbſt, ſie blei be denn am Wein ſtock. Wer in
377 2481 1781 2552 mir bleibt, und ich in ihm, der bringt vie le Frucht.
379 2569 1774 2639 Wer nicht in mir bleibt, der wird hi naus ge worfen,
378 2656 1776 2723 und ver dorrt, wie eine Re be, die nicht am Wein⸗
