1797 3060
569 223 952 271 Von Jeſus Chriſtus.
1406 238 1452 278 15
74 356 1455 430 ſchen red lich und auf richtig. Er that ih nen nie das
75 444 1457 518 klein ſte Un recht, ſon dern er wies ih nen al les Lie be
75 532 1456 606 und Gu te. Man muß te ihn al le Ta ge lie ber ha ben!
211 638 1458 711 Der Kna be Je ſus war recht folg ſam. Er that
75 725 1458 798 ſeiner Mut ter al les zu lieb, was er ihr nur an den
76 812 1454 887 Au gen ab ſe hen konnte. Er half ſei nem Pfle ge va ter,
77 899 1456 972 der ein Zim mer mann war, treu lich bei der Ar beit.
79 987 1456 1063 Er war voll Lie be und Dank ge gen ſei ne El tern,
77 1074 1082 1145 und war ih nen in al lem un ter than.
212 1162 1458 1237 Lieb ſte Kin der! Dem Kna ben Je ſus ſollt auch
83 1249 1461 1323 ihr in al lem ähn lich wer den. Habt ſein Bild im⸗
81 1336 1460 1413 mer vor Au gen. Fromm, flei ßig, freund lich, folg⸗
81 1424 1455 1501 ſam, war der klei ne Je ſus. Fromm, flei ßig, freund lich,
80 1511 1460 1591 folg ſam, ſollt auch ihr ſein. Die ſe vier F müßt ihr
81 1598 1461 1674 euch recht mer ken. Dann kommt da zu noch von ſelbſt
85 1683 1396 1763 das fünfte F. Ihr ſeid dann auch ſtets fröh lich.
726 1914 822 1962 III.
83 2002 1464 2082 Je ſus Chri ſtus, der be ſte Leh rer der Kin der.
217 2140 1463 2220 Als Je ſus drei ßig Jah re alt war, fing er an,
86 2226 1465 2305 die Men ſchen zu leh ren. Er hat te vie le Jün ger.
87 2312 1465 2394 Einſt zeigte er ſich ſeinen drei lieb ſten Jün gern auf
86 2400 1465 2479 ein em Ber ge in himm li ſcher Klar heit und Schön heit.
85 2486 1463 2566 Da kam ei ne Stim me vom Him mel, und ſprach:
90 2574 1465 2654 „Die ſer iſt mein lie ber Sohn, an dem ich Wohl ge⸗
87 2661 1137 2738 fal len ha be. Die ſen ſollt ihr hö ren.“
