1797 3056
564 223 964 271 Von Jeſus Chriſtus.
1406 234 1462 275 19
75 362 1461 439 ger wollten es ihnen wehren. Aber Jesus ſprach
76 448 1463 526 liebreich und freundlich: „Laſſet die Kleinen zu mir
75 536 1458 614 kommen und wehret ihnen nicht, denn ihrer iſt das
75 625 1464 700 Himmelreich." Darauf nahm er die Kinder auf
76 711 1459 788 ſeinen Schoß und in ſeine Arme, legte ihnen die
79 799 845 869 Hände auf, und ſegnete ſie.
213 905 1465 976 Einſt ſaß Jeſus bei Tiſche. Da kam der Vater
77 991 1461 1067 eines kranken Kindes zu ihm, fiel ihm zu Füßen
77 1079 1461 1156 und ſagte: „Meine Tochter liegt in den letzten
76 1165 1458 1244 Zügen; komm' doch, und lege ihr deine Hand auf,
78 1253 1458 1329 daß ſie geſund werde und lebe." Jeſus ſtand ſo=
79 1340 1460 1415 gleich auf, und ging mit ihm. Als Jeſus in das
76 1428 1459 1505 Haus kam, war das Mädchen, das erſt zwölf Jahre
77 1516 1462 1589 alt war, ſchon tot. Vater und Mutter und alle
77 1602 1462 1676 im Hauſe jammerten und weinten. Jeſus aber
79 1689 1462 1765 ſagte liebreich: „Weinet nicht! Das Mägdlein iſt
78 1776 1461 1851 nicht tot! es ſchläft nur." Hierauf nahm es Jeſus
79 1863 1456 1940 bei der Hand und ſprach: „Mägdlein! ich ſage dir,
78 1951 1461 2026 ſtehe auf!" Da wurde das tote Kind wieder
80 2038 1457 2111 lebendig, und ſtand auf, und die Eltern waren voll
79 2125 846 2196 Erſtaunen und voll Freude.
214 2231 1458 2305 Einmal wollte Jeſus mit ſeinen Jüngern in
79 2317 1460 2391 eine Stadt gehen. Da trug man gerade einen
78 2404 1459 2482 Toten zum Thore hinaus Es war der einzige
78 2491 1460 2567 Sohn einer Witwe. Die Mutter und viele Leute
80 2578 1458 2653 aus der Stadt gingen mit der Leiche. Da Jeſus
76 2664 1458 2742 die Mutter ſah, hatte er Mitleid mit ihr, und ſagte
