1850 3056
318 180 377 223 10
311 353 1765 451 18. f, g, ch, f, m, n, l, s, sch, z als
311 461 1763 541 Auslaut mit tönendem Mitlaut voraus.
411 591 1760 661 Dorf, Torf, fünf, künftig; Berg, Burg; durch,
311 679 1764 750 horch; Milch, Dolch, welch; welk; Balg, Talg; Schalk;
311 767 1760 836 arg; Mark; Wurm, Turm, Schirm; Hirn, Horn, Korn,
308 855 1764 924 Kern, gern; Karl, Kerl; wandeln, fädeln, ſäuſeln;
311 942 1760 1011 Gans, Hans; rings, längs; Hirsch, falsch; Menſch,
311 1030 1761 1099 Punſch, wünſch; Herz, Harz; als; Falz; Hals, Holz,
310 1117 1304 1184 Gans, ganz, Puls, Salz, Filz, Fels.
411 1206 1766 1273 Der Hund bellt und beißt. Das Kind fällt. Der
311 1291 1765 1359 Schüler fehlt. Der Wolf heult. Die Wunde heilt.
310 1380 1762 1446 Die Magd wäſcht, wiſcht, heizt, holt, kocht. Die Maus
310 1468 1723 1536 nagt in der Nacht. Das Licht liegt auf dem Tiſche.
311 1747 1765 1839 19. f, s, t, sch und voraus ein nicht
709 1853 1371 1929 tönender Mitlaut.
413 1983 1763 2053 Topf, Kopf, Zopf, Schopf, Napf, zupf, hüpf, hüpfe,
313 2070 1760 2136 hüpfen, ſchöpf, ſchöpfe, ſchöpfen, Apfel, Wipfel, Gipfel,
311 2158 941 2224 Hopfen, Zapfen, rupfen;
414 2244 1761 2313 Mops, Schöps, Gips, rips, raps; hübſch; Abt, übt,
313 2333 1761 2401 hebt, liebt, foppt, ſchoppt, nippt, pappt, ſchabt, ſchiebt;
313 2420 1761 2488 Peit ſche, deutſch, hätſch le, tätſch le; be reits, gehts; packt,
313 2509 1106 2573 bäckt, weckt, reckt, ſchickt, zuckt.
411 2596 1764 2662 Der Topf, der Kopf, der Napf, der Apfel und der
311 2681 1763 2750 Zapfen ſind rund. Der Mops und der Schöps ſind
