1840 3044
299 223 329 263 4
296 322 1149 438 3. uh, üh.
447 439 1598 542 Die Uhr geht. Die Uh ren geh en.
301 534 1755 644 Die Kuh iſt auf der Wei de. Die Küh e
701 643 1372 736 ſind auf der Wei de.
422 751 1760 861 Uhr, Ruhr, Schuh, Schuh e, Huhn, Hüh⸗
307 849 1762 960 ner, ruh en, ruh ig, Ruh e, Müh le, Müh len,
309 965 1142 1060 füh len, wüh len, kühl, kühn.
429 1051 1619 1155 Büh ne, Bie ne; Kiel, kühl; Kien, kühn.
313 1199 1167 1304 4. ah, äh.
433 1306 1766 1412 Kahn, Hahn, Bahn, Zahn, zahm, Zahl,
316 1404 1773 1512 kahl, Jahr, wahr, Wahr heit; Käh ne, Häh ne,
318 1495 1774 1610 Zäh ne, Mäh ne, Äh re, näh ren, wäh ren, zäh len,
320 1620 1083 1709 wäh len, wäh nen, gäh nen.
441 1702 1778 1806 Das Schaf iſt zahm. Die Mäh er mäh en
324 1803 1585 1902 ei ne Wie ſe ab. Re de nur die Wahr heit!
327 1961 1178 2068 5. oh, öh.
446 2066 1785 2171 Ohr, Rohr, Sohn, Mohn, Boh ne, Kohl,
331 2167 1781 2272 hohl, wohl, Soh le, Koh le, boh ren, loh nen, woh⸗
334 2257 1788 2370 nen; Ohr, Öhr, Rohr, Röh re, Sohn, Söh ne,
333 2372 1445 2470 Höh le, Höh e, ge wöh nen, ver ſöh nen.
456 2463 1792 2566 Mit dem Oh re hö ren wir. Die Na del hat
340 2553 1794 2667 ein Öhr. Das Rohr iſt hohl. Ver ſöh ne dich
346 2680 937 2763 mit dei nem Fein de!
