1840 3042
375 223 433 263 20
881 226 1278 273 Von Jeſus Chriſtus.
376 354 1772 428 freund lich; „Wei ne nicht!“ Dann be fahl er den
377 441 1771 517 Trä gern, ſtill zu ſte hen. Sie lie ßen die Bah re
379 530 1770 604 nie der. Al le ſa hen den To ten in dem of fe nen
380 617 1769 692 Sar ge lie gen. Je ſus a ber ſprach: „Jüng ling! ich
379 705 1768 778 ſa ge dir, ſte he auf!“ Und der To te ſtand auf, und
375 792 1376 862 Je ſus führ te ihn zu ſei ner Mut ter.
521 1005 1770 1077 Aus al lem, was Je ſus ge than und ge lehrt
381 1091 1770 1164 hat, er kennen wir ſeine All macht und ſei ne gro ße
378 1179 1770 1249 Lie be. Noch eh er ſe hen wir die ſe ſei ne Lie be aus
377 1266 1380 1337 al lem, was er für uns ge lit ten hat.
521 1365 1769 1436 Auch euch Kin dern zu lieb litt Je ſus. Am
379 1443 1770 1527 Öl ber ge ſtand er ei ne ſol che Angſt aus, daß ihm
367 1536 1773 1616 blu ti ger Schweiß aus brach. Man gei ßel te ihn bis
369 1624 1779 1706 aufs Blut, und drück te ei ne Kro ne von Dor nen auf
369 1713 1777 1794 ſein Haupt. Er litt es ge dul dig, daß man ihn an
367 1801 1777 1878 das Kreuz na gel te; er ſtarb am Kreu ze aus Lie be
372 1889 1773 1969 zu euch; um euch und al le Men ſchen von den Sün⸗
367 1975 1777 2055 den zu er lö ſen, und uns al le hei lig und ſe lig zu
365 2062 1777 2144 ma chen. Ihr wer det künf tig die Ge ſchich te da von
367 2150 1775 2230 aus führ li cher hö ren. Doch wer det ihr auch jetzt
369 2234 1777 2320 ſchon ein ſe hen, daß ihr an Je ſus den lie be voll ſten
365 2322 1036 2400 und be ſten Freund habt.
522 2426 1770 2498 Lie bet ihn, der euch ge liebt hat bis in den
381 2514 1770 2587 Tod; le bet nur ihm, und ſe tzet auf ihn eu er gan zes
381 2605 690 2658 Ver trau en.
