1803 3056
1449 204 1486 274 9
686 208 883 251 Von Gott.
102 333 1482 412 und halt dein Wort. Man ſagt: ein Mann, ein Wort.
102 420 1481 501 Wie ſchön iſt es, wenn ſchon ein Kind ſein Wort hält!
101 506 1478 589 Gott gibt uns ſo gern. Gib auch du gern von dem,
101 597 1483 676 was du haſt. Gib dem Kind, das arm iſt, gern von
103 684 1481 764 dem Brot, das Gott dir gab. Es freut Gott, uns
101 772 1481 851 recht viel Gutes zu thun. Er hat nicht Luſt dran, uns
100 860 1482 937 weh zu thun. Es iſt kein Tier ſo klein, für das er
101 946 1481 1023 nicht ſorgt. Drum iſt es Sünd, wenn man ein Tier
101 1035 1481 1113 quält. Plag du auch den Wurm im Gras nicht; thu
101 1123 1305 1198 auch der Blum' auf dem Feld nichts zu leid.
758 1255 834 1303 10.
235 1333 1482 1408 O mein Kind! Du weißt nun ſchon: was Gott
99 1419 1477 1498 will, iſt gut und recht; was Gott nicht will, iſt Sünd',
100 1507 1476 1583 iſt bös und ſchlecht. Drum thu ſtets, was Gott will,
99 1594 1479 1674 und thu nie, was Gott nicht will. — In der Kirch'
99 1682 1478 1762 ſei fromm, ſchau nicht um, ſchwätz nicht, lach nicht,
98 1767 1477 1848 denk an Gott und bet. — In der Schul' ſei ſtill,
98 1857 1475 1936 merk recht auf und lern brav. — Zu Haus folg; thu',
99 1943 1479 2020 was man dir ſagt, und komm gleich, wenn man dir
98 2030 1475 2111 ruft. Sag nicht: ich mag nicht, wenn du thun ſollſt,
97 2118 1479 2198 was du nicht willſt. Wein nicht, wenn man dir nicht
100 2206 1479 2283 gleich gibt, was du willſt. Murr nicht, wenn man dir
97 2294 1477 2374 wehrt und wenn man dich ſtraft. — Lüg nicht; denn
96 2379 1477 2459 das iſt ſehr bös und ſehr ſchlecht. Wer falſch iſt, gleicht
95 2467 1475 2546 der Katz, der man nicht traut. — Sei nicht faul und
94 2556 1475 2634 träg, das zu thun, was dir Müh' macht. Kein Ochs
97 2643 1474 2722 iſt wohl ſo ſaul und träg, daß er erſt geht, wenn man
