1797 3056
564 223 964 271 Von Jeſus Chriſtus.
1406 234 1462 275 19
75 362 1461 439 ger woll ten es ih nen weh ren. A ber Je ſus ſprach
76 448 1463 526 lieb reich und freund lich: „Laſ ſet die Klei nen zu mir
75 536 1458 614 kom men und weh ret ih nen nicht, denn ih rer iſt das
75 625 1464 700 Him mel reich." Dar auf nahm er die Kin der auf
76 711 1459 788 ſei nen Schoß und in ſei ne Ar me, leg te ih nen die
79 799 845 869 Hän de auf, und ſeg ne te ſie.
213 905 1465 976 Einſt ſaß Je ſus bei Ti ſche. Da kam der Va ter
77 991 1461 1067 ei nes kran ken Kin des zu ihm, fiel ihm zu Fü ßen
77 1079 1461 1156 und ſag te: „Mei ne Toch ter liegt in den letz ten
76 1165 1458 1244 Zü gen; komm' doch, und le ge ihr dei ne Hand auf,
78 1253 1458 1329 daß ſie ge ſund wer de und le be.“ Je ſus ſtand ſo⸗
79 1340 1460 1415 gleich auf, und ging mit ihm. Als Je ſus in das
76 1428 1459 1505 Haus kam, war das Mäd chen, das erſt zwölf Jah re
77 1516 1462 1589 alt war, ſchon tot. Va ter und Mut ter und al le
77 1602 1462 1676 im Hau ſe jam mer ten und wein ten. Je ſus a ber
79 1689 1462 1765 ſag te lieb reich: „Wei net nicht! Das Mägd lein iſt
78 1776 1461 1851 nicht tot! es ſchläft nur.“ Hier auf nahm es Je ſus
79 1863 1456 1940 bei der Hand und ſprach: „Mägd lein! ich ſa ge dir,
78 1951 1461 2026 ſte he auf!“ Da wur de das to te Kind wie der
80 2038 1457 2111 leben dig, und ſtand auf, und die El tern wa ren voll
79 2125 846 2196 Er ſtau nen und voll Freu de.
214 2231 1458 2305 Ein mal woll te Je ſus mit ſei nen Jün gern in
79 2317 1460 2391 ei ne Stadt ge hen. Da trug man ge ra de ei nen
78 2404 1459 2482 To ten zum Tho re hin aus Es war der ein zi ge
78 2491 1460 2567 Sohn ei ner Wit we. Die Mut ter und vie le Leu te
80 2578 1458 2653 aus der Stadt gin gen mit der Lei che. Da Je ſus
76 2664 1458 2742 die Mut ter ſah, hat te er Mit leid mit ihr, und ſag te
