1803 3050
1462 182 1488 227 9
47 324 1491 417 16. Schaf, Schaff; ſchief, Schiff; Heer, Herr;
47 428 1493 510 Thür, dürr; Sohn, Son ne; Ton, Ton ne; Beet,
50 521 1495 604 Bett; La de, Lat te; Rad, Rat te; Scha den,
53 615 1495 698 Schat ten; la ben, Lap pen; Ro ſe, Roſ ſe; Ar me,
56 707 1496 791 Ar mee; al le, Al lee; wohl, Wol le; voll, viel;
55 802 1497 884 fül len, füh len; kam, Kamm; käm men, ſchä men.
182 896 1498 973 Mein Schwa ger iſt ein ſchwa cher Mann.
57 987 1500 1068 Das Schiff geht oft ſchief auf dem Waſ ſer.
60 1082 1502 1163 Ge hören die Pup pen für die Bu ben? Ich
60 1176 1016 1252 kann auf kei nem Kah ne fah ren.
330 1374 1240 1439 Ich laſ ſe Licht und hel len Schein
332 1456 1166 1507 in Stu be und in Käm mer lein.
408 1711 1208 1788 B. Verſtärkte Aus~ und Anlaute
774 1814 812 1870 I.
73 1903 1515 1991 17. d, t, b, p als Auslaut und voraus
387 2005 1211 2079 ein tönender Mitlaut.
259 2135 1339 2215 Der Mond ſcheint in der Nacht.
182 2246 1519 2313 Hund, rund; Kind, Hemd; weint, ſchäumt, ſchämt;
80 2332 1517 2399 Ast, Nest, mißt, müßt, meßt, wißt; alt, kalt, heilt,
83 2419 1519 2488 heult; mild, wild, Bild; oft, Saft, Gift, ſchafft, rafft;
84 2507 1521 2576 wiſcht, wäſcht; Hirt, Wort; Licht, dicht, ſacht, recht;
86 2595 1524 2663 ſagt, regt, ſingt, ringt; äzt, schätzt, schützt, netzt, wetzt;
188 2682 1010 2749 Kalb, gelb; herb, mürb; pump.
