1801 3054
581 218 971 264 Von Jeſus Chriſtus.
1414 225 1463 266 11
401 554 1155 653 Von Jeſus Chriſtus.
219 1012 1470 1108 Liebe Kinder! Ihr habt gehört, wie gut Gott
86 1121 1467 1195 iſt, Er unſer lieber Vater im Himmel ſchuf die Men=
86 1209 1467 1283 ſchen auch gut. Sie wurden aber bös, und thaten
88 1298 1468 1367 Böſes. So kamen Sünde, Elend und Tod in die
89 1385 1465 1458 Welt. Aber Gott hatte Mitleid mit den Menſchen,
86 1473 1468 1545 und ſchickte ſeinen lieben Sohn in die Welt, ihnen zu
87 1561 1469 1631 helfen. Von dieſem ſeinem Sohne, unſerm lieben
88 1649 1470 1721 Herrn und Heiland, Jeſus Chriſtus, ſollt ihr jetzt
90 1737 252 1799 hören.
