1856 3046
337 201 391 246 12
423 305 1773 385 Sonſt gab es bei uns auch noch Bä ren und Wöl fe
319 392 1770 471 in den Wäl dern. Jetzt gibt es die ſe wil den Tie re bei
322 480 1771 560 uns nicht mehr; aber ſie fin den ſich noch in an dern
314 567 552 621 Län dern.
594 721 1455 797 In die Schu le gehn die Bu ben,
595 809 1380 883 die Sol da ten ziehn ins Feld.
595 896 1401 968 Sorg ein je der, daß er wer de
595 983 1417 1057 mit der Zeit ein wack rer Held.
593 1128 1522 1205 Wer auf dem Kopf hat ei nen Hut,
594 1216 1462 1291 dem ſteht er noch ein mal ſo gut,
591 1304 1429 1377 wenn er ihn oft her un ter thut.
996 1495 1067 1547 II.
304 1565 1751 1660 21. Zwei tönende Mitlaute als Anlaute.
471 1685 1584 1779 Das Schwein wühlt im Schmutz.
402 1790 1743 1871 Schwan, Schwamm, Schweif, Schweiß, ſchwül,
304 1874 1742 1959 ſchwach; Schmuck, Schmied, ſchmal; Schlaf, ſchlaff,
303 1962 1744 2047 Schleim, Schloß, Schloſ ſer, Schluß, Schlüſ ſel, ſchlimm,
302 2049 1740 2134 Schlamm; Schnur, Schnei der, Schna bel, ſchni tzen,
300 2136 1740 2222 ſchnell, Schnee; ſchräg, Schreck, Schrein, Schrei ner,
300 2223 1738 2307 ſchrei ten, ſchrei ben; friſch, fromm, fröhlich, frei, Frau,
299 2310 1537 2391 Fritz; Flur, Flor, Fleck, Fluß, Fleiſch, flei ßig.
396 2400 1740 2482 Das Dach iſt ſchräg. Das Fleiſch iſt nahr haft.
296 2485 1739 2568 Der Schwan iſt weiß. Der Schwamm iſt leicht. Der
294 2573 1736 2656 Schmied häm mert. Der Schrei ner ho belt. Der Schnei⸗
294 2660 1285 2736 der näht. Sei flei ßig! Sei fromm!
