1824 3048
317 168 378 213 28
314 282 1733 364 leſen aus Büchern und ſchreiben auf die Tafeln. Auch
314 371 1733 451 rechnen und ſingen ſie. Die Kinder ſollen auf den
315 457 1734 539 Lehrer hören. Sie dürfen nicht plaudern. Wer nicht
317 544 1731 627 hört, lernt nichts. Das fleißige Kind lobt der Lehrer.
319 632 1734 709 Mit dem Faulen iſt er unzufrieden. Ich will meinem
317 718 1736 800 Lehrer Freude machen. Ich will ein fleißiges Kind ſein.
421 806 1736 885 Bin ich gleich noch jung und klein, fleißig kann ich
319 906 717 974 doch schon ſein.
423 1041 1618 1135 4. Was das Kind fleißig üben ſoll.
672 1151 1476 1224 Wahrheit reden, Lügen fliehen,
602 1236 1565 1310 Blümlein pflanzen, Bäumchen ziehen,
603 1327 1267 1399 Alte ehren, Blinde leiten,
606 1412 1354 1482 Gutes denken, Böſes meiden,
603 1498 1420 1573 Hände waſchen, Kleider ſchonen,
604 1585 1528 1658 Dienste leiſten, Freundſchaft lohnen,
608 1671 1464 1746 Wohlthat merken, Leid vergeſſen,
608 1758 1493 1834 Waſſer trinken, Schwarzbrot eſſen,
608 1847 1322 1921 Bücher leſen, Lieder ſingen,
608 1935 1395 2007 Arbeit ſuchen, Nutzen bringen,
606 2023 1367 2095 Laſter haſſen, Tugend lieben,
609 2109 1401 2179 dies nur will ich fleißig üben.
804 2248 1275 2332 5. Das Buch.
433 2350 1748 2429 Ich habe ein Buch. Dieſes Buch iſt mir lieb.
331 2437 1744 2514 Die Bilder darin freuen mich und ich betrachte ſie gerne.
331 2524 1751 2603 Ich leſe fleißig in meinem Buche und ſchreibe die Wörter
332 2611 1750 2690 aus demſelben ab. Das Buch hat viele Blätter. Dieſe
