1755 3054
1387 189 1443 234 17
25 309 1441 388 Schrein, Schwein, Schnur, Schwur, ſehen, ſtehen, Stand,
29 397 1442 475 Strand, ſticken, ſtricken, Poſten, Pfoſten, ſterben, ſtreben,
26 485 1443 564 Furcht, Frucht, Georg, Gregor, Forſt, Froſt, Korn,
23 572 1441 651 Krone, Garben, Graben, Brot, Borte, Bart, Braten,
26 659 1443 739 Garn, Gran, Gräten, Gärten, falſche, Flaſche, geifern,
26 748 1442 828 greifen, Brut, Blut, blühen, brühen, Dunſt, Durſt,
24 835 1215 912 Wald, Wand, Rauch, Rauſch, Fleiß, Fleiſch.
22 1021 1325 1123 28. Die fleißigen Mädchen drehen das Rädchen,
160 1134 1155 1206 nähen und flicken, ſticken und ſtricken,
156 1222 1164 1295 nädeln und putzen, fädeln und ſtutzen,
160 1308 1244 1384 ſingen und ſpringen, kochen und bringen.
18 1481 992 1562 29. Das Steckenpferd.
127 1576 1446 1653 1. Hopp, hopp, hopp! Pferdchen, lauf Galopp über
24 1664 1442 1739 Stock und über Steine, rühre nur recht flink die Beine!
18 1749 1402 1829 Immer im Galopp, hopp, hopp, hopp, hopp, hopp!
124 1857 1445 1935 2. Tipp, tipp, tapp, wirf mich ja nicht ab! Zähme
19 1942 1443 2021 deine wilden Triebe, Pferdchen, thu' mir das zu Liebe:
17 2021 1207 2105 wirf mich ja nicht ab! Tippti, tippti, tapp!
123 2123 1442 2202 3. Pitſchi, pitſchi, patſch! Klatſche, Peitſche, klatſch!
24 2209 1440 2288 Mußt recht um die Ohren knallen! Ha, das kann
22 2296 1437 2377 mir recht gefallen! Klatſche, Peitſche, klatſch! Pitſchi,
19 2383 379 2451 pitſchi, patſch!
121 2478 1442 2557 4. Br, br, he! Pferdchen, ſteh jetzt, ſteh! Sollſt
18 2563 1441 2643 ſchon heute weiter ſpringen; muß dir nur erſt Futter
15 2650 1438 2731 bringen. Steh doch, Pferdchen, ſteh! Br, br, br, br, he!
104 2766 1298 2817 Hoffmann, Fibel. II Abtla. Kl. Ausg. 2
