1859 3046
355 168 412 210 14
628 304 1501 371 Wie viel Stü cke ſind ein Schock?
625 391 1466 461 Wie viel Hör ner hat der Bock?
621 479 1725 550 Zum Du tzend braucht man, ſag wie viel?
621 566 1449 635 Wie viel Ke gel zu dem Spiel?
619 654 1472 723 Wie viel Fin ger hat die Hand?
618 742 1351 808 Iſt dir al les dies be kannt?
1014 953 1113 1005 III.
335 1047 1789 1149 23. Mehrfache An⸗ und Auslaute zugleich.
408 1178 1709 1266 Der Krebs zwickt dich, daß es ſchmerzt.
435 1284 1784 1356 Schmalz, Schmerz, ſchwarz, Schwarm, ſchwimmt,
332 1369 1780 1443 Schwanz, Schwert, ſchwitzt, ſchwatzt; zwitschert, blind,
332 1457 1781 1530 blond, plump, blitzt, Schlacht, ſchlecht, Schlucht, ſchlugt,
332 1543 1780 1618 Fracht, fragt, Tracht, tragt, klagt, bricht, treibt, bleibt,
332 1631 1779 1706 drückt, blickt, brennt, Brand, Bruſt, Brunſt, preßt,
332 1718 1776 1792 schnappt, gräbt, Arzt, Ernſt, Kunſt, Gunſt, Furcht,
329 1806 1775 1879 Fürſt, wirſt, Wurſt, Obſt, Herbſt, erbt, gerbt, färbt,
328 1893 1773 1967 Sumpf, Rumpf, Dampf, Kampf, Markt, merkt, wirkt,
325 1980 1773 2055 Angſt, hängſt, längſt, wärmſt, merkſt, wirkſt, kämpfſt,
325 2067 1350 2139 ächzt, seufzt, abends, nirgends, eilends.
423 2156 1773 2228 Der Arzt impft das Kind. Der Färber färbt das
321 2240 1772 2316 Tuch. Der Gerber gerbt das Fell. Der Herbſt bringt
322 2322 591 2397 uns Obſt.
320 2466 1455 2546 24. Das Büblein und der Bach.
420 2562 1769 2639 Das Büblein fürchtet das Wasser ſehr und hat ein
319 2647 1767 2726 ſchmutzig Geſicht. Das Bächlein ſiehts und läuft hinter
