1801 3060
557 225 967 279 Von Jeſus Chriſtus.
1392 236 1462 289 17
67 358 1450 436 ſto cke bleibt. Man nimmt ſie und wirft ſie ins Feu er,
68 445 583 512 und ver brennt ſie.“
207 589 1452 664 „Wie mein Va ter mich liebt, ſo lie be ich euch.
69 675 1451 751 Nie mand hat je ei ne grö ße re Lie be als die ſe, daß
70 762 1452 837 er ſein Le ben für ſei ne Freun de ge be. Das iſt nun
69 849 1452 926 mein Ge bot, daß ihr ein an der lie bet, wie ich euch
69 938 1455 1013 lie be. Dar an wird je der mann er ken nen, daß ihr
69 1026 1335 1097 mei ne Jün ger ſeid, wenn ihr ein an der liebt.“
206 1168 1459 1239 „Wenn ihr mich lieb habt, ſo hal tet mei ne
71 1252 1459 1328 Ge bote. Wer mei ne Ge bo te hat, und ſie hält, der
71 1340 1458 1415 iſt's, der mich liebt. Wer mich nicht liebt, der hält
72 1427 1456 1502 auch mei ne Ge bo te nicht. Wer mich aber liebt, den
71 1516 1456 1588 liebt auch mein Va ter, und ich lie be ihn. Um was
70 1603 1458 1674 er den Va ter bit ten wird in mei nem Na men, das
72 1691 846 1760 wird ihm der Va ter ge ben.“
208 1831 1460 1904 „In dem Hau ſe mei nes Va ters ſind vie le
72 1918 1459 1991 Woh nun gen. Auch für euch be rei te ich da ei ne
73 2005 1457 2079 Stät te. Ich wer de einſt wie der kom men, und euch
74 2092 1457 2167 zu mir neh men, da mit ihr ſeid, wo ich bin. Ihr
70 2181 1454 2253 werdet mich ſe hen, und euer Herz wird ſich freu en,
75 2267 1383 2338 und nie mand ſoll eure Freu de von euch neh men.“
213 2415 1459 2490 „Dies ha be ich zu euch ge re det, da mit mei ne
74 2501 1459 2575 Freu de in euch blei be, und eu re Freu de voll kom men
76 2588 1458 2661 wer de. Da ihr die ſes wiſ ſet, ſe lig ſeid ihr, wenn
76 2677 552 2745 ihr es auch thut.“
