1849 3040
364 212 416 252 14
859 208 1254 254 Von Jeſus Chriſtus.
363 335 1754 409 mit. Ihr könnet euch denken, daß er auf dem Wege
364 422 1749 494 ſo ſtill und ſittſam und in dem Tempel ſo voll An=
365 510 1751 583 dacht war, daß alle frommen, guten Menschen Freude
365 598 1750 669 daran hatten. Auf dem Heimwege aber bemerkten
365 685 1750 758 ſeine Eltern auf einmal, daß er nicht mehr bei
367 772 1751 845 ihnen war. Sie suchten ihn drei Tage lang. End=
368 857 1753 930 lich fanden ſie ihn in dem Tempel. Seine Mutter
368 947 1753 1019 ſagte: „Sohn, warum haſt du uns das gethan?
369 1033 1751 1106 Sieh dein Vater und ich, wir haben dich mit
370 1120 1752 1192 Schmerzen geſucht." Er aber ſagte freundlich:
371 1206 1751 1281 „Wißt ihr denn nicht, daß ich in dem ſein muß,
369 1294 1753 1364 was meines Vaters iſt?" So gern war er in dem
368 1381 1754 1457 Hauſe seines Vaters; seine größte Freude war, den
370 1469 1753 1541 Willen Gottes zu thun. Er nahm zu, wie an Alter,
371 1555 1753 1631 ſo an Weisheit und Gnade bei Gott und den Menſchen.
512 1661 1757 1730 Der Knabe Jeſus war fleißig, und eifrig in
371 1748 1755 1820 allem Guten. Er hatte ſeine größte Freude an
371 1835 1757 1905 dem Worte Gottes. In dem Tempel war er mitten
371 1923 1759 1995 unter den Lehrern. Er hörte ihnen auf merkſam
373 2009 1760 2082 zu; er fragte ſie, und gab auf jede ihrer Fragen
373 2096 1757 2169 die beſte Antwort. Die Lehrer und das Volk waren
374 2188 1195 2255 erſtaunt über ſeine Weisheit.
516 2290 1761 2358 Der Knabe Jeſus war gegen alle Menſchen
375 2376 1761 2451 gut und freundlich. Aus ſeinem Munde kam nie
376 2463 1761 2537 ein böſes Wort. Er that keinem Kinde etwas zu
378 2549 1765 2621 leid und betrübte nie einen Menſchen. Immer
376 2638 1762 2714 ſagte er die Wahrheit, und war gegen alle Men=
