1843 3052
590 1812 983 1893 Von Gott.
772 2052 814 2102 1.
230 2123 1481 2225 Mein Kind! Was dein Aug' nur ſieht, das
99 2235 1480 2313 iſt von Gott. Gott macht, daß die Sonn' ſo hell und
96 2324 1481 2400 warm ſcheint. Gott macht, daß der Mond ſo ſchön
96 2411 1475 2488 glänzt. Es iſt kein Stern, dem nicht er das Licht gibt.
94 2498 1478 2576 Gott macht die Lust ſo ſchön blau. Er macht Feld und
93 2588 1475 2664 Wald ſo ſchön grün. Berg und Thal sind von Gott.
94 2676 1475 2753 Er deckt den Berg mit Buſch und Wald. Er macht,
