1815 3056
690 235 877 273 Von Gott.
1436 239 1483 300 5
77 358 1470 440 Der Mond hängt frei in der Luft, weil er ihn hält.
78 445 1472 527 Ein Hauch von ihm ſchuf das Heer der Stern'. Der
77 533 1470 616 Wind weht, wann Gott es ihm heißt. Gott ruft dem
79 621 1473 703 Blitz, und der Blitz ſchlägt ein, wann und wo Gott
79 708 1470 791 will. Gott ſpricht und das Eis ſchmilzt, das Feld
80 799 1470 878 grünt, der Baum blüht, das Korn und das Obſt reift.
78 884 1471 966 Gott winkt, und das Laub wird gelb und fällt ab; der
80 974 1469 1054 Bach wird Eis, und Schnee deckt das Land. Gott macht,
80 1061 1471 1140 daß der Menſch lebt. So bald Gott will, ſtirbt der
81 1149 1471 1228 Menſch und ſinkt in das Grab. Ein Wort, ein Wink
80 1235 1209 1312 von Gott, und die Welt hört auf zu ſein.
750 1370 797 1419 4.
213 1458 1470 1537 Gott iſt gut und hat dich lieb, mein Kind! Was
77 1546 1470 1624 wahr und gut und ſchön iſt, das iſt von Gott. Auch
79 1633 1469 1713 dir zu lieb malt er die Blüt' am Baum ſo ſchön weiß
81 1720 1469 1798 und rot. Auch dir zu lieb färbt er das Gras und
78 1808 1470 1887 Laub ſo ſchön grün. Auch dir zu lieb macht er, daß
78 1896 1471 1975 der Tau ſo ſchön rot, gelb und blau ſtrahlt. Er gibt
81 1983 1471 2062 uns das Korn, aus dem man Mehl macht und Brot
79 2070 1468 2149 backt. Er gibt uns die Milch, die ſo friſch und ſüß
80 2158 1470 2237 iſt. Auch das Obſt, das dir ſo wohl ſchmeckt, kommt
80 2246 1470 2325 von ihm. Was du nur haſt, das haſt du von Gott. Dein
81 2334 1470 2412 Kleid und dein Bett gab er dir. Auch den Schlaf, der
80 2421 1467 2501 dich ſtärkt, ſchickt er dir. Er macht, daß du lebſt und
78 2508 1469 2588 friſch und wohl biſt. Und Gott ſorgt nicht nur für
79 2597 1468 2677 dich; er nährt auch den Wurm im Staub; er tränkt
75 2683 1468 2763 die Blum' im Gras. Doch iſt ihm nichts in der Welt
