1842 3040
379 208 430 248 12
877 209 1276 254 Von Jeſus Chriſtus.
1052 356 1097 405 I.
373 440 1763 514 Je ſus Chri ſtus, als Kind in der Krip pe, ei ne
662 527 1469 601 rech te Freu de für Kin der.
518 635 1763 703 1. From me Hir ten wach ten einſt zu Nacht auf
373 721 1762 791 dem Fel de bei ih rer Her de. Auf ein mal ſtand, hell
372 808 1763 877 und voll Glanz, ein En gel vor ih nen. Der En gel
372 895 1761 964 ſag te: „Ich ver künd' euch gro ße Freu de. Heu te
375 981 1757 1050 kam der Hei land zur Welt, Chri ſtus, der Herr. In
373 1069 1671 1136 ei ner Krip pe wer det ihr das Kind lein fin den.“
512 1153 1756 1224 Lie be Kin der! Gott ſchenk te uns das Lieb ſte,
372 1243 1759 1312 was er hat te, ſei nen lie ben Sohn, um uns hei lig
371 1331 1760 1398 und ſe lig zu ma chen. Das Kind Je ſus iſt ein
374 1416 1757 1485 größ res Ge ſchenk Got tes, als Son ne, Mond und
373 1505 1761 1573 Ster ne, und die gan ze Welt. O habt doch ei ne
372 1591 981 1657 rech te Freu de an ihm.
518 1679 1760 1748 2. Hier auf ka men noch vie le, vie le En gel.
375 1765 1758 1834 Al le lob ten Gott und ſan gen: „Eh re ſei Gott in
374 1853 1756 1921 der Hö he; Frie de den Men ſchen auf Er den, die
373 1938 1133 2005 ei nes gu ten Wil lens ſind.“
513 2026 1758 2093 Lieb ſte Kin der! Wir ſol len Gott, un ſern lie ben
376 2115 1758 2182 Va ter im Him mel eh ren, und ſei ne gu ten Kin der
375 2201 1760 2269 auf Er den ſein. Dazu will Je ſus uns hel fen. Nur
373 2289 1758 2357 das bringt uns Frie den, Freu de, Heil und Se gen.
516 2377 1756 2444 3. Die from men Hirten gin gen hin, und fan⸗
373 2463 1756 2530 den das Kind Je ſus in der Krip pe, und Ma ri a
376 2549 1756 2618 und Jo ſeph bei der Krip pe. Da wur den ſie voll
375 2636 1422 2702 Freu de, und lob ten und prie ſen Gott.
