1862 3040
388 187 450 229 32
744 311 1470 395 12. Die guten Kinder.
492 415 1810 485 Drei kleine Geschwiſter ſaßen beiſammen und redeten
385 503 1808 575 von Vater und Mutter. Der ältere Bruder ſagte:
385 589 1808 661 Geſtern hat mir der Vater ein neues Buch gegeben.
385 677 1811 749 Die Schweſter ſprach: Am Sonntage habe ich von der
386 764 1810 835 Mutter eine ſchöne Schürze bekommen. Und das
387 851 1813 922 Brüderlein rief: Heute Abend gibt uns die Mutter
387 937 1810 1009 Kuchen und Milch. Darauf ſagten ſie zu einander:
389 1025 1812 1096 Wie gut ſind doch Vater und Mutter! Der Bruder
391 1111 1812 1184 aber erzählte von einem Töchterlein, dem Vater und
391 1198 1815 1271 Mutter geſtorben waren. Da ſahen die Kinder einander
390 1286 1816 1359 ſtille an und das Brüderlein ſprach: Unſre gute Mutter
392 1372 1814 1445 darf nicht ſterben. Sie gingen bald hinein ins Haus
392 1458 1816 1533 und ſchmiegten sich an Vater und Mutter, und ſie waren
392 1548 1388 1619 nirgends ſo gern, als bei den Eltern.
809 1683 1412 1767 13. Verträglichkeit.
499 1787 1818 1858 Du liebes Schweſterlein, wir wollen immer recht
396 1873 1818 1950 artig ſein: Haben dann Vater und Mutter beide an
395 1961 1820 2036 uns Kindern ihre Freude! Sieht's auch droben im
395 2048 1821 2124 Himmel fern Gott der Vater und hat es gern, ſpricht:
396 2133 1820 2211 So mag ich die Kinder ſehen, denen ſoll nie ein Leid
397 2221 1822 2298 geſchehen; und alle die Engelein umher, die hören es
399 2314 1076 2385 auch und freuen ſich ſehr!
886 2452 1360 2520 14. Der Star.
506 2552 1827 2625 Der alte Jäger Moriz hatte in ſeiner Stube einen
402 2639 1827 2715 Star, der einige Worte ſprechen konnte. Wenn der
