1837 3044
1457 199 1531 260 19
6 315 121 413 32.
973 326 1504 611 Epheu
800 591 1560 868 Ph ph = f
791 889 1564 1010 Epheu PH ph = f
211 1089 1525 1162 Der Epheu iſt eine Pflanze. Er hat ſchöne, immer=
110 1168 1527 1242 grüne Blätter. Er wächſt ſehr ſchnell. Seine Stengel
112 1247 1526 1321 werden ſehr lang. An denſelben befinden ſich feine
110 1323 1526 1398 Wurzelfaſern. Mit dieſen kriecht er am Boden fort
109 1403 1526 1478 oder klettert an Felſen, Wänden, Bäumen ⁊c. empor
109 1481 1525 1558 und überzieht ſie ganz. Er wird auch in Töpfen ge=
106 1559 1139 1630 zogen und iſt eine Zierde der Zimmer.
210 1642 1521 1720 Sophie, Prophet, Joſeph, Stephan, Al pha bet,
107 1718 1524 1799 Phi lipp, Pha ra o, Pha ri ſä er, Phos phor, Pho to gra phie.
809 1811 922 1906 33.
941 1815 1564 2106 Cylinder
845 2052 1535 2349 c C y Y
824 2368 1575 2521 cC = z Y y = i
107 2522 1522 2614 Der Cylinder auf der Lampe iſt von Glas.
206 2618 1523 2693 Die Myrte blüht ſchön weiß. Der Yſop iſt eine
107 2683 1522 2764 wohlriechende Pflanze. Ägypten iſt ein Land. Die
1250 2789 1300 2824 2*
