1818 3056
291 188 320 232 8
297 322 1043 395 13. ck
410 430 1736 504 Iſt der Rock neu? Iſt der Sack leer?
291 530 1737 608 Pa cken wir heute ein? Ba cken die Bä cker?
292 624 938 702 Iſt die Ha cke ſcharf?
614 727 1426 793 Wel cher Bock hat kei ne Haut?
408 832 1736 910 Ich bin ſatt. Du biſt matt. Er iſt toll.
291 924 1735 1001 Es iſt voll. Wir kön nen und gön nen. Wir
290 1018 1734 1096 haſ ſen und laſ ſen. Wir raf fen und ſchaf fen.
291 1112 1735 1188 Es hal let und ſchal let. Es rol let und tol let.
298 1239 1383 1330 14. Kätz chen und Mäus chen.
499 1350 1434 1414 Ein Mäus chen ſaß in ſei nem Loch,
498 1420 1119 1484 das Kätz chen ſaß davor.
497 1489 1593 1554 Lieb Mäus chen komm, komm näh er doch!
497 1560 1319 1624 Lieb Mäus chen, komm her vor!
497 1628 1422 1694 Ich geb dir Zu cker, weiß und ſüß,
499 1685 1207 1764 viel Nüß chen auch voll auf.
498 1768 1415 1833 Das Mäus chen ſich be thö ren ließ.
501 1840 1199 1903 Das Kätz chen fraß es auf.
300 1942 1296 2034 15. Petz und Bien chen.
427 2049 1361 2113 Ein mal ſtach Bien chen ei nen Bär.
424 2119 1286 2184 Dies är ger te den Petz gar ſehr.
423 2189 1337 2252 Raſch lief er an das Bie nen haus.
422 2259 1289 2322 Da kam die Bie nen ſchar her aus
421 2329 1359 2392 und auf ihn zu, ihm auf die Haut
421 2398 1517 2463 und ſtach. Das Petz chen ſchrie gar laut.
422 2466 1549 2532 Weh thut ſein Aug. Es kann kaum ſehn.
425 2538 1510 2602 Dick iſt ſein Fuß. Es kann kaum gehn.
428 2607 1520 2673 Bär heult. Da ließ ihn Bien chen ruhn.
427 2677 1381 2744 So was will Petz nie wie der thun.
