1840 3042
370 225 422 265 16
876 224 1281 268 Von Jeſus Chriſtus.
516 351 1773 419 Jeſus, der Lehrer aller Menſchen, iſt auch euer
368 438 1771 507 Lehrer, meine lieben Kinder. Was er lehrte, iſt ſo
374 525 1770 594 klar, daß es auch ſchon Kinder verſtehen können. Es
371 611 1770 682 iſt ſo ſchön, daß auch ſchon Kinder Freude daran
372 698 1771 769 haben müſſen. O meine liebſten Kinder! Denkt
372 786 1772 856 euch, Jeſus ſei in eurer Mitte und ihr ſehet ſein
372 872 1771 943 freundliches Angeſicht. Laßt euch ſein, als verneh=
372 959 1771 1031 met ihr jedes ſeiner Worte, die jetzt folgen, aus
373 1051 815 1116 ſeinem Munde:
515 1185 1775 1256 „So ſehr hat Gott die Welt geliebt, daß er
375 1273 1769 1343 ſeinen ein gebornen Sohn dahin gab, damit alle,
375 1359 1774 1429 die an ihn glauben, nicht verloren gehen, ſondern
374 1448 1102 1516 das ewige Leben haben."
520 1579 1774 1649 „Ich bin der gute Hirt. Ich kenne meine
377 1666 1774 1736 Schafe, und ſie kennen mich. Meine Schafe hören
376 1753 1776 1822 meine Stimme, und folgen mir nach. Ein guter
374 1839 1777 1910 Hirt läßt ſein Leben für ſeine Schafe. Ich gebe
376 1926 1777 1998 ihnen das ewige Leben. Sie werden ewig nicht
377 2012 1778 2084 verloren gehen. Niemand wird ſie aus meiner
375 2105 752 2171 Hand reißen."
523 2221 1779 2292 „Ich bin der wahre Weinſtock: ihr ſeid die
378 2308 1779 2377 Reben. Die Rebe kann keine Frucht bringen von
380 2395 1779 2465 ihr ſelbst, ſie bleibe denn am Weinſtock. Wer in
377 2481 1781 2552 mir bleibt, und ich in ihm, der bringt viele Frucht.
379 2569 1774 2639 Wer nicht in mir bleibt, der wird hinausgeworfen,
378 2656 1776 2723 und verdorrt, wie eine Rebe, die nicht am Wein=
