1801 3058
1429 204 1477 263 7
682 213 868 249 Von Gott.
83 336 1469 408 will recht fromm und gut und brav ſein; denn ſonſt
84 425 936 494 macht dir ja doch nichts Freud'!
753 531 800 587 7.
219 618 1468 687 Denk recht oft und recht gern an Gott, mein Kind!
87 705 1469 774 Red oft mit Gott! Er hört ja, was du zu ihm ſagſt.
87 792 1471 861 Kommt dich hart und ſchwer an, was man dich thun
88 879 1471 949 heißt, ſo denk: Ich will es doch thun, weil es Gott ſo
88 966 1472 1036 will, und wie es Gott will; ich will es thun, ſo gut
87 1054 1473 1122 ich kann. — Wenn du krank biſt, ſo denk: was du
90 1141 1474 1211 willſt, o Gott! iſt gut, wenn es auch hart ſcheint. Ich
91 1230 1477 1298 leid' es gern, ſo ſchwer es iſt. — Haſt du Luſt zur
93 1316 1476 1386 Sünd', ſo denk: Gott ſieht mich, Gott ſtraft mich; ich
93 1403 1479 1474 will es nicht thun. — Denk recht oft: o Gott, du ſiehſt
92 1491 1479 1561 mich, wo ich bin, bei Tag und bei Nacht, zu Haus
93 1579 1480 1649 und auf dem Feld; wo ich nur bin, will ich thun, was
98 1667 1481 1736 du willſt, und nichts thun, was du nicht willſt. — Ein
95 1754 1478 1823 Kind, das oft an Gott denkt, bleibt fromm und gut,
97 1843 1096 1911 und ihm iſt recht wohl um das Herz.
757 1946 820 2010 8.
235 2041 1486 2112 Mein Kind, denk recht oft dran, wie viel Gut's
103 2132 1488 2201 dir Gott gibt, und dank ihm für das, was er dir
105 2217 1490 2290 gibt. Stehſt du auf, ſo bet: o Gott, ich dank' dir für
102 2305 1489 2377 den Schlaf, der mich ſtärkt und friſch und froh macht.
104 2393 1491 2464 Vor und nach Tiſch bet: o Gott, Speis und Trank
104 2480 1491 2553 ſind doch recht gut; ich dank' dir, daß du ſie mir gibſt.
105 2568 1488 2637 Wenn du in das Bett gehſt, so bet mit Herz und Mund:
108 2655 1486 2725 o Gott, wie gut biſt du! Ich dank' dir für den Tag
