1860 3054
361 175 423 220 34
593 299 1587 385 16. Das geſchorene Schäfchen.
466 393 1811 466 Ein Schäfchen wurde zum erſten Male geſchoren,
364 474 1807 546 und es hielt geduldig ſtill. Als dies aber vorüber war,
363 557 1811 628 wurde es traurig; denn es fror ſehr, so daß das arme
363 638 1813 713 Tierlein am ganzen Leibe zitterte. Und das ſah der
362 719 1813 791 liebe Gott im Himmel, und er ſchickte ein warmes Lüft⸗
362 801 1813 873 chen und ſchönen Sonnenſchein. Da wurde das gute
362 886 1278 954 Schäfchen wieder munter und froh.
466 965 1812 1036 Das Schäflein hatte einer Bäuerin gehört, und die
364 1046 1814 1118 Bäuerin hatte ein kleines, luſtiges Büblein. Es iſt
365 1128 1815 1200 aber Winter geworden; da war das Büblein nicht mehr
365 1209 1816 1281 luſtig; denn es war ſo kalt und das Büblein zitterte
367 1291 1815 1363 oft vor Froſt. Die Mutter aber ſtrickte ihm aus der
366 1372 1815 1442 Wolle des Schäfleins ein warmes Röckchen und ein
367 1444 1812 1526 Paar warme Strümpfe und zog dies alles dem Büblein
368 1535 1813 1605 an. Da wurde es wieder luſtig und munter, und es
368 1616 1812 1689 freute ſich, daß der liebe Gott ihm das Schäfchen ge⸗
369 1700 1696 1771 geben, das ſo warme Wolle für die Menſchen hat.
837 1828 1359 1908 17. Das Pferd.
474 1918 1817 1993 Das Pferd iſt ein großes und ſchönes Tier. Es
372 2002 1814 2076 frißt am liebſten Hafer, Klee und Heu. Wenn das
373 2082 1816 2159 Pferd gut gefüttert und geputzt wird, ſo iſt ſein Haar
374 2163 1815 2240 glatt und glänzend, ſein Schweif lang und ſeine Mähne
374 2246 1816 2321 ſchwach gekräuſelt. Die Füße des Pferdes werden mit
376 2328 1815 2402 Eiſen beſchlagen, damit es auf ſteinigen Wegen und
375 2409 1813 2483 im Winter auf glatt gefrorenen Straßen gut gehen kann.
483 2491 1816 2566 Das Pferd zieht den Wagen, den Karren, den
378 2572 1817 2649 Pflug und die Egge. Verſtändige Leute laden einem
380 2653 1817 2731 Pferde nicht mehr auf, als es ziehen kann, und miß⸗
