1846 3048
319 149 380 192 22
311 279 1226 380 39. nk, kn, gn.
412 417 1764 497 Die Bank, die Bänke; der Dank, ich danke, du
310 497 1763 579 dankſt, er dankt; der Wink, ich winke, du winkſt, er
310 585 1763 666 winkt; der Zank, du zankſt; ich denke, du denkſt, er
310 672 1761 753 denkt; der Trank, ich tränke, ich trinke; der Punkt, die
311 760 1138 831 Punkte; hinken, blinken, blicken.
408 871 1755 951 Knaul, Knauf, Knall, knallen, Knopf, knöpfen, Knabe,
308 956 1751 1037 Knittel, Knie, knicken, knacken, Nußknacker, Gnade,
308 1044 483 1108 gnädig.
407 1157 1753 1235 Das Feuer kniſtert und knattert. Der Krebs kneipt.
306 1241 1749 1322 Gott ist gnädig. Der Mensch denkt; Gott lenkt. Iß,
305 1331 1750 1409 was gar iſt; trink, was klar iſt; ſprich, was wahr iſt.
405 1441 1745 1519 Schlange, ſchlank; Zange, zank; bang, Bank; Fink,
302 1525 1746 1608 fing; ſingen, ſinken; drängen, tränken; dringen, trinken;
304 1614 1747 1693 wanken, Wange; du ſingst, du ſinkst; du drängſt, du
302 1701 1021 1773 tränkſt; er dringt, er trinkt.
299 1909 1192 1991 40. Die Eltern.
575 2024 1399 2097 Wie die kleinen Vöglein ſingen,
575 2111 1414 2186 Gott ihr Helles Loblied bringen,
571 2199 1419 2272 fröhlich, wenn die Sonn' erſteht,
570 2286 1316 2358 fröhlich, wenn ſie niedergeht.
571 2374 1209 2444 Alſo danken jede Stunde
569 2461 1366 2534 Wir ans frohem Kindermunde,
567 2548 1246 2606 und vor allem danken wir
565 2636 1250 2706 für die guten Eltern hier.
