1845 3046
385 228 433 268 18
882 211 1288 262 Von Jeſus Chriſtus.
1031 357 1124 404 IV.
417 449 1748 540 Je ſus Chri ſtus, der größ te Kin der freund.
528 608 1787 690 Je ſus iſt der be ſte Freund al ler Men ſchen. Er
390 697 1785 784 ging um her, und half al len, die in Not und E lend
390 785 1784 867 waren. Er mach te Blin de ſe hend, Tau be hö rend,
391 873 1788 956 Stum me re dend, Lah me ge hend, Kran ke ge ſund, ja
393 960 1789 1046 ſo gar To te wie der le ben dig. Auch Kin dern be wies
397 1059 963 1130 er ſeine gro ße Lie be.
545 1168 1794 1251 Ei nes Ta ges brach ten from me Müt ter ih re
402 1256 1794 1341 Kin der zu Je ſus, da mit er ſie ſeg ne. Sei ne Jün⸗
