1801 3056
527 227 1002 277 Von dem heiligen Geiſte.
1401 229 1452 268 21
316 494 1217 593 Von dem heiligen Geiſte.
209 735 1464 826 Liebe Kinder! Jeſus Chriſtus ſtarb, wie ihr
76 841 1462 912 gehört habt, aus Liebe zu uns am Kreuze. Er
76 929 1460 998 wurde begraben. Seine Jünger trauerten und
76 1016 1461 1086 weinten um ihn. Allein, bevor drei Ta ge ver=
78 1102 1465 1173 gingen, kam er wieder lebendig aus dem Grabe
77 1191 1462 1260 hervor. Voll göttlicher Herrlichkeit ſtand er plötz=
79 1278 1463 1347 lich in der Mitte ſeiner Jünger, und ihre Ver=
81 1365 1340 1434 wunderung und Freude war unausſprechlich.
211 1453 1465 1522 Jeſus blieb hier auf noch vierzig Tage bei
80 1539 1465 1611 ihnen. Dann führte er ſie hinaus auf einen Berg.
81 1626 1464 1696 Hier nahm er Abſchied von ihnen. Schon vor ſeinem
84 1713 1466 1784 Tode hatte er ihnen geſagt, ſie ſollten nicht traurig
82 1800 1468 1871 darüber ſein, daß er ſie verlaſſe; er werde an ſtatt
83 1887 1468 1959 ſeiner ihnen den heiligen Geiſt ſenden. Dieſer werde
84 1975 1468 2046 ſie lehren, ſtärken, tröſten und immer bei ihnen
83 2061 1468 2131 bleiben. Dieſes Verſprechen wie der holte er ihnen
84 2149 1468 2220 hier auf dem Berge nochmals. Darauf erhob er
85 2236 1468 2308 ſich zum Himmel. Er ſchwebte vor ihren Augen in
87 2322 1469 2395 die Höhe, immer höher und höher hinauf bis eine
86 2409 1469 2481 Wolke ihn vor ihren Augen verbarg. So ſahen
86 2499 922 2570 ſie ihn in den Himmel fahren.
219 2583 1466 2653 Die Jünger blieben beiſammen, beteten ein=
88 2669 1465 2743 mütig, und warteten auf den heiligen Geiſt. Am
