1821 3052
1430 155 1513 228 31
332 300 1223 356 wenn die kleinen muntern Knaben
334 387 1060 456 ſollen in die Schule traben,
338 474 1149 544 Spindeln, ſchöne Spinnerädchen
339 561 1200 630 für die lieben muntern Mädchen.
569 700 1013 785 10. Die Uhr.
270 817 1308 887 Die Uhr ſeht an! So lang' ſie kann,
204 903 1307 975 ſieht man ſie gehn, hört man ſie ſchlagen,
198 990 1178 1061 nicht bleibt ſie ſtehn, ſich zu beklagen
201 1079 1197 1151 der Arbeit wegen, wie Faule pflegen;
201 1166 1175 1235 drum an die Uhr denkt, Faule, nur!
492 1324 1088 1407 11. Sittenſprüche.
69 1439 1511 1513 1. Kind, denke nie: ich bin allein; denn Gott wird
150 1526 659 1591 immer bei dir ſein.
69 1638 1082 1706 2. Ein junger Lügner, ein alter Dieb.
148 1724 1198 1794 Ihr Kinder, behaltet die Wahrheit lieb.
68 1833 1225 1906 3. Ein gut Gewiſſen ein ſanftes Ruhekiſſen.
67 1943 1199 2017 4. Was du nicht willſt, das man dir thu',
149 2029 866 2101 das füge keinem andern zu.
67 2140 1002 2213 5. Quäle nie ein Tier zum Scherz,
150 2229 1081 2300 denn es fühlt wie du den Schmerz.
0 2337 1506 2416 ‘ 6. Was Hänschen nicht lernet, du merke die Lehr', das
146 2425 1074 2499 lernet der Hans wohl nimmermehr.
65 2528 791 2605 7. Übermut thut ſelten gut.
65 2647 936 2716 8. Gutes Wort findet guten Ort.
