1821 3046
1447 182 1528 251 29
109 330 1523 412 ſind von Papier. Der Buchbinder hat das Buch ein=
109 417 1523 498 gebunden. Die Decke iſt bunt, die Blätter aber ſind
108 511 1060 585 weiß. Die Buchſtaben ſind ſchwarz.
400 624 1243 712 6. Die gefällige Auguſte.
215 724 1527 805 Auguſte ging auch in die Schule. Da lernte ſie
115 807 1527 889 leſen und ſchreiben. Bald konnte ſie in ihrem Schul=
118 887 1528 970 buche leſen und Buchſtaben ſchreiben. Da freute ſie ſich
116 970 1532 1049 und Vater und Mutter freuten ſich auch. Neben Auguſte
116 1050 1533 1133 ſaß aber ein armes Mädchen, das hieß Anna. Auguſte
119 1133 1533 1215 hatte zwei Schieferſtifte, aber die arme Anna hatte
121 1213 1534 1293 keinen. Liebe Auguſte, ſprach die Anna, bitte, leihe
119 1294 1535 1377 mir doch einen Griffel. Auguſte nahm auch gleich den
120 1376 1534 1459 beſten und ſagte: Da, Anna, haſt du einen. Das ſah
122 1458 1535 1542 der Lehrer, und ſprach: So iſt es recht, Auguſte, ſo
121 1547 987 1624 machen es gute, gefällige Kinder!
598 1658 1063 1741 7. Das Haus.
224 1759 1539 1842 Das Haus iſt ein Gebäude, worin man Schutz
125 1840 1540 1926 gegen Hitze und Kälte, Sturm und Regen findet. Es
127 1922 1539 2007 hat vier Wände und ein Dach darüber, Thüren und
128 2003 1545 2087 Fenſter. Im Hauſe hat man Zimmer, Kammern, Küchen
127 2084 1546 2166 und Keller. Auf Treppen ſteigt man in den Keller
130 2165 1548 2248 und auf den Boden. Große Häuſer haben drei, vier
132 2266 402 2320 Stockwerke.
613 2320 1060 2405 8. Das Dach.
479 2413 1230 2486 Ein Dach ſchützt unſer Haus
405 2495 1275 2569 vor Regen, Schnee und Wind,
406 2576 1181 2651 weil ſich's nicht wohnen läßt,
402 2660 964 2730 wo keine Dächer ſind.
