1848 3038
377 227 435 268 22
834 223 1308 268 Von dem heiligen Geiſte.
384 352 1774 418 Morgen des Pfingſtfeſtes, da alle in einem Saale
384 439 1774 505 verſammelt waren, hörten ſie auf einmal das Sauſen
380 528 1777 591 eines mächtigen Windes. Sie ſahen Feuerflam=
384 615 1778 680 men, die ſich auf eines jeden Haupt niederließen.
386 701 1778 767 Dies waren die Zeichen von der Ankunft des hei=
384 788 1779 855 ligen Geiſtes. Auch erkannten und empfanden
383 877 1779 943 ſie innerlich, daß derſelbe nun gekommen ſei.
388 965 1775 1030 Göttliche Weiſheit erleuchtete ihren Verſtand,
385 1051 1777 1117 Kraft zu allem Guten und himmliſche Freude er=
385 1140 1778 1205 füllte ihr Herz. Sie fingen an, Gott laut zu loben
387 1227 803 1292 und zu preiſen.
529 1326 1780 1390 Liebe Kinder! Die Feuerflammen und das
387 1413 1779 1479 Sauſen der Luft deuten ſinnbildlich an, was
386 1500 1779 1566 für Wohlthaten der heilige Geiſt auch uns erweiſen
386 1590 552 1640 wolle.
529 1686 1782 1753 Das Feuer erleuchtet. In finſterer Nacht ſeht
388 1773 1780 1839 ihr mit offnen Augen nichts. Geht aber die liebe
388 1861 1780 1927 Sonne auf, ſo machen ihre goldnen Strahlen euch
389 1948 1782 2015 die ganze Welt helle. So erleuchtet der heilige
389 2033 1780 2098 Geist unſern Verſtand. — Das Feuer erwärmt.
389 2121 1781 2189 Bei großer Kälte iſt alles voll Eis und Schnee.
388 2209 1783 2276 Wenn es euch recht friert, ſo könnt ihr euch über
388 2294 1782 2364 nichts recht freuen und kaum einen Finger bewegen.
385 2382 1782 2449 Scheint aber im Frühlinge die Sonne recht warm
384 2470 1783 2535 und lieblich, ſo ſchmelzen Eis und Schnee, Blätt lein
385 2557 1784 2624 und Blümlein kommen hervor, und alles fängt an
381 2646 1783 2711 zu grünen und zu blühen; ihr aber ſeid munter
