1801 3056
527 227 1002 277 Von dem heiligen Geiſte.
1401 229 1452 268 21
316 494 1217 593 Von dem heiligen Geiſte.
209 735 1464 826 Liebe Kinder! Je ſus Chri ſtus ſtarb, wie ihr
76 841 1462 912 ge hört habt, aus Lie be zu uns am Kreu ze. Er
76 929 1460 998 wur de be gra ben. Sei ne Jün ger trau er ten und
76 1016 1461 1086 wein ten um ihn. Al lein, be vor drei Ta ge ver⸗
78 1102 1465 1173 gin gen, kam er wie der le ben dig aus dem Gra be
77 1191 1462 1260 her vor. Voll gött li cher Herr lich keit ſtand er plötz⸗
79 1278 1463 1347 lich in der Mit te ſei ner Jün ger, und ih re Ver⸗
81 1365 1340 1434 wun de rung und Freu de war un aus ſprech lich.
211 1453 1465 1522 Je ſus blieb hier auf noch vier zig Ta ge bei
80 1539 1465 1611 ihnen. Dann führte er ſie hinaus auf einen Berg.
81 1626 1464 1696 Hier nahm er Ab ſchied von ih nen. Schon vor ſei nem
84 1713 1466 1784 Tode hat te er ih nen ge ſagt, ſie ſoll ten nicht trau rig
82 1800 1468 1871 dar ü ber ſein, daß er ſie ver laſ ſe; er wer de an ſtatt
83 1887 1468 1959 ſei ner ih nen den hei li gen Geiſt ſen den. Die ſer wer de
84 1975 1468 2046 ſie leh ren, ſtär ken, trö ſten und im mer bei ih nen
83 2061 1468 2131 blei ben. Die ſes Ver ſpre chen wie der hol te er ih nen
84 2149 1468 2220 hier auf dem Ber ge noch mals. Dar auf er hob er
85 2236 1468 2308 ſich zum Himmel. Er ſchweb te vor ih ren Au gen in
87 2322 1469 2395 die Hö he, im mer hö her nnd hö her hin auf bis ei ne
86 2409 1469 2481 Wol ke ihn vor ih ren Au gen ver barg. So ſa hen
86 2499 922 2570 ſie ihn in den Him mel fah ren.
219 2583 1466 2653 Die Jün ger blie ben bei ſam men, be te ten ein⸗
88 2669 1465 2743 mü tig, und war te ten auf den hei li gen Geiſt. Am
