1887 3040
382 155 442 200 36
371 289 1824 374 dem Holze Tiſche, Stühle, Schränke und Bänke; der
370 371 1825 455 Zimmermann baut Brücken und Häuſer, der Drechſler
368 453 1823 534 macht Kegel und Kugeln und der Büttner Fäſſer. Im
368 535 1820 618 Winter heizen wir den Ofen mit Holz. In der Küche
367 616 1322 691 brauchen wir das Holz zum Kochen.
498 721 1680 817 20. Wie Gustav vom Baume fällt.
466 816 1817 897 Hoch auf dem Wipfel eines Baumes, der nahe am
363 894 1816 975 Wasser ſteht, hat ein Vogel ſein Neſt gebaut. Aus dem
365 977 1808 1058 Neſte aber ſehen ſechs kleine Vögelein heraus, rufen: piep,
364 1058 1814 1139 piep; und freuen ſich, wenn die Alten ein Würmchen bringen.
465 1140 1811 1221 Da kam einſt Gustav in den Wald und wollte ſich
364 1220 1815 1302 ein Sträußchen Blumen holen. Kaum hatte er das Neſt
364 1301 1811 1381 erblickt, ſo ſagte er für ſich: Die jungen Vögelchen mußt
363 1383 1810 1465 du einmal beſehen. Schnell klettert er den Baum hinan;
363 1464 1812 1544 er ſteigt von Aſt zu Aſt und iſt nun schon dem Wipfel nahe.
467 1547 1809 1625 Jetzt hat er ihn erreicht! Er sieht die kleinen Tierchen
362 1626 1808 1706 und nimmt eins in die Hand. Krach! krach! da bricht der Aſt.
466 1709 1804 1786 Gustav fällt vom Baume herab und in den Fluß.
363 1789 1806 1866 Der Fluß war zwar nicht tief; doch war viel Schlamm
364 1868 1805 1949 darin. Da hätte ich den Guſtav ſehen mögen, als er
361 1951 1029 2023 aus dem Schlamme kroch.
792 2058 1381 2143 21. Gottes Auge.
638 2151 1367 2223 Vöglein ſpielen in der Luft,
571 2221 1300 2292 Blümlein geben ſüßen Duft,
571 2291 1380 2365 Schmetterling ſchwebt leiſe fort,
569 2361 1408 2434 Kuh und Schäflein weiden dort.
570 2430 1585 2505 In dem Wald' ſteht Baum und Strauch,
570 2501 1448 2575 ſpringen Hirſch und Rehlein auch.
571 2571 1246 2643 Gottes Auge ſieht auf ſie,
570 2640 1487 2719 ſchützt und nährt ſie ſpät und früh.
