1783 3056
1372 201 1441 264 13
545 211 929 257 Von Jeſus Chriſtus.
178 342 1432 410 Lie be Kin der! Freu et euch mit den En geln
51 428 1432 499 und Hir ten, und lo bet und prei ſet Gott mit ih nen.
49 516 1431 586 Denn der Sohn Got tes kam vom Him mel auf die
50 603 1430 673 Er de, da mit wir einſt zu ihm in den Him mel kom⸗
53 691 1431 759 men. Er wur de aus Lie be zu uns arm, um uns
54 780 973 848 reich zu ma chen an al lem Gu ten.
188 866 1433 934 4. Ein ſchö ner hel ler Stern er ſchien am Him⸗
54 952 1432 1022 mel, und führ te die hei li gen drei Kö ni ge her bei.
53 1033 1436 1106 Ü ber dem Ort, wo das Kind war, ſtand der Stern
56 1127 1436 1195 ſtill. Sie gin gen voll Freu de hin ein und knie ten
57 1213 1433 1283 vor dem Kin de nie der, und ſchenk ten ihm Gold,
59 1303 756 1372 Weih rauch und Myr rhen.
192 1387 1441 1457 Lieb ſte Kin der! Gott ehr te ſei nen lieben Sohn
60 1474 1440 1547 durch ei nen Stern am Him mel. Men ſchen brach ten
59 1562 1439 1635 ihm Gold und Op fer dar, und was man ſonſt noch
63 1648 1437 1719 auf Er den koſt bar hält. Habt doch auch ihr ihn
64 1736 1442 1808 von Her zen lieb, und ſchenkt ihm eu er gan zes Herz.
62 1821 1443 1896 Ein Herz, das rein und lauter iſt, wie Gold, iſt
64 1911 1171 1982 Je ſu lieber als al les Gold in der Welt.
701 2059 795 2133 II.
63 2172 1441 2247 Der Kna be Je ſus, das ſchön ſte Bei ſpiel für
646 2256 874 2322 Kinder.
204 2381 1446 2448 Der klei ne Je ſus war der frömm ſte Knabe in
71 2469 1445 2538 der Welt. Als er zwölf Jah re alt war, nah men
71 2554 1447 2633 ihn ſei ne El tern mit in den Tempel. Es war ein
73 2642 1452 2713 wei ter Weg da hin. Den noch ging er voll Freu den
