1846 3048
378 176 427 235 6
976 184 1187 234 Von Gott.
389 315 1782 393 ſo lieb, als der Menſch. Dich, und was nur Menſch
388 402 1386 474 heißt, hat er lieb, wie du dein Aug'.
1055 552 1102 595 5.
493 645 1776 724 Mein Kind! Gott iſt ganz gut, und in ihm iſt
387 733 1775 813 nichts, das bös iſt. Gott liebt und thut nur, was recht
386 818 1774 897 und gut iſt. Gott haßt die Sünd', das heißt, was bös
384 907 1774 984 iſt. Gott will, auch du ſollſt gut und nicht bös
383 994 1769 1072 ſein. Gott liebt das Kind, wenn es gut und fromm
383 1082 1769 1162 iſt. Er gibt dem Kind, wenn es fromm und gut iſt,
380 1168 1771 1244 Heil und Glück. Wenn ein Kind bös iſt, ſo kann es
379 1257 1767 1333 ihm nicht wohl gehn. Ein Kind, das thut, was Gott
379 1344 1767 1417 will, wächſt auf, grünt und blüht, wie der Baum im
379 1431 1359 1502 Wald, wie die Blum' auf dem Feld.
1044 1571 1091 1620 6.
516 1670 1765 1744 Mein Kind! du weißt jetzt ſchon viel von Gott.
374 1756 1762 1834 Hab Gott recht lieb, ſo lieb, als du nur kannſt. Nichts
373 1843 1762 1921 in der Welt ſoll dir ſo lieb ſein, als Gott. Freu dich
371 1930 1762 2007 recht ſehr, daß ein Gott iſt, und daß er ſo gut iſt. Sei
373 2017 1761 2094 recht froh, daß Gott ſo gut iſt, und es ſo wohl mit
372 2103 1756 2181 dir meint. Denk oft: o Gott, das, was du uns gibſt,
371 2192 1762 2269 iſt ſchon ſo gut; wie gut mußt du erſt selbſt ſein! —
370 2277 1760 2359 Ja, mein Kind, freu dich, daß ein Gott iſt, und mach
369 2367 1760 2443 ihm auch recht viel Freud'. Sieh, ihn freut kein Geld
369 2454 1757 2531 und kein Gold; nur das freut ihn, wenn er ſieht, daß
370 2541 1755 2618 du recht fromm und recht brav biſt. Drum denk oft:
370 2628 1755 2709 o Gott, du machſt mir ſo viel Luſt und Freud'! Ich
