1866 3042
392 231 453 278 24
858 216 1338 267 Von dem heiligen Geiſte.
400 341 1785 423 Gei ſte, der mit dem Va ter und Sohne ei nes iſt. —
402 427 1787 508 Ein un end lich wei ſer, gü ti ger, mäch ti ger Gott.
401 516 1790 600 Schon zu Hau ſe hat man euch ge lehrt, daß ihr al les
403 603 1789 686 thun ſollt im Na men des Va ters, des Soh nes und
403 690 1790 773 des hei li gen Gei ſtes. Ihr wer det die ſe Wor te nun
403 778 1791 860 beſ ſer ver ſteh en, als frü her. Thut nun a ber auch
405 865 1793 945 dar nach um ſo be reit wil li ger und eif ri ger. Seid
404 951 1795 1035 ſtets gu te Kin der des Va ters im Him mel, folg ſa me
404 1038 1792 1121 Jün ger Je ſu, un ſers Herrn, und eu er Herz ſei ſtets
405 1125 1795 1209 rein und hei lig — ein Tem pel des hei li gen Gei ſtes.
