1799 3048
1397 163 1483 230 13
303 315 938 384 Schlaf, Kind lein, ſchlaf!
304 399 1056 470 Der Va ter hü tet die Schaf.
309 485 1334 557 Die Mut ter ſchüt telt das Bäu me lein;
313 574 1155 645 da fällt her ab ein Träu me lein.
314 663 940 732 Schlaf, Kind lein, ſchlaf!
47 798 1489 901 22. Einer der Anlaute iſt nicht tönend.
146 903 1483 978 Blei, blau, Blut, Blatt, Blitz, blüht, Platz, pla gen,
47 990 1484 1069 Pla ge, Plat te; brav, breit; Pfau, Pfeil, Pfahl, Pfan ne,
50 1077 1485 1157 Pfen nig, Pfar rer; Brot, Brett, Brief, Preis, Pro be,
49 1165 1486 1245 praſ ſen; drei, dreiſt, Draht, Dra che, dre ſchen, drü cken,
53 1252 1488 1329 treu, Traum, träg, tra gen, tro cken, tro tzen, Thron,
52 1339 1488 1418 Thran, dran, Thrä ne, Thrä nen, tren nen; klein, Kleid,
53 1426 1487 1506 Klee, Kloß, klar, klug, glatt, Glied, gleich, Glo cke,
55 1515 1489 1594 glück lich, glim men; Kreuz, Kreu zer, Kreis, Krei de,
55 1601 1493 1682 Krug, krumm, grau, grün, Greis, Gras, Graf, grei fen.
156 1689 1496 1766 Der Baum blüht. Das Blatt fällt. Der Blitz
60 1775 1496 1854 zuckt. Die Glo cke ſchallt. Der Hahn kräht. Der Greis
61 1877 216 1942 zittert.
260 1936 1303 2008 Jung iſt nicht alt; warm iſt nicht kalt;
263 2022 1312 2096 groß iſt nicht klein; grob iſt nicht fein;
264 2109 1314 2182 arm iſt nicht reich; hart iſt nicht weich.
164 2249 1364 2325 Ich bin de und win de; ich ſchal te und wal te.
169 2335 1439 2411 Du wet teſt und wa geſt; du zit terſt und za geſt.
349 2474 1229 2562 Was ein Kind wiſſen ſoll.
342 2573 1208 2646 Wie viel Stü cke ſind ein Paar?
340 2660 1248 2733 Wie viel Mon den hat das Jahr?
