1806 3048
1385 152 1490 224 23
282 278 1002 372 Schütze du ſie allerwegen,
290 370 1097 459 Segne ſie mit deinem Segen;
286 453 1058 547 laß, o Gott, in deiner Hut
304 547 1204 636 uns auch werden fromm und gut.
613 696 910 790 Frühling.
228 786 1239 883 Die Wieſe grünt. Der Vogel baut.
230 875 1268 962 Der Kuckuck ruft. Der Morgen taut.
224 960 1287 1050 Das Veilchen blüht. Die Lerche ſingt.
226 1052 1497 1141 Der Kirſchbaum prangt. Der Frühling winkt.
634 1207 906 1293 Sommer.
230 1297 1206 1386 Die Sonne ſticht. Die Roſe blüht.
232 1386 1363 1477 Die Bohne rankt. Das Würmchen glüht.
228 1472 1237 1561 Die Kirſche reift. Die Senſe klingt.
232 1561 1324 1648 Die Garbe rauſcht. Die Erdbeer winkt.
29 1730 1054 1843 41. ie (getrennt zu leſen).
612 1890 922 1974 Die Lilie
308 1995 1155 2078 Di ſchöne Lilie auf dem Feld,
306 2091 997 2168 wer hat in ſolcher Pracht
310 2171 1164 2260 dich vor die Augen mir geſtellt,
312 2265 1029 2342 wer dich ſo ſchön gemacht?
316 2373 1243 2457 Wie trägſt du ſo ein weißes Kleid
316 2465 1014 2547 mit goldnem Staub beſät,
314 2551 1056 2634 daß Salomonis Herrlichkeit
316 2639 958 2724 vor deiner nicht beſteht.
