1820 3056
1459 171 1518 215 25
634 297 967 371 Wiegenlied.
176 381 1519 461 Schlafe, Kindlein, hold und ſüß, wie im Engel=
73 469 1521 549 paradies; ſchlaf in ſtiller, ſüßer Ruh', thu die kleinen
74 545 370 622 Äuglein zu.
176 643 1521 724 Draußen ſtehn die Lilien weiß, haben allerschönſten
74 729 1517 811 Preis; droben in der lichten Höh' ſtehn die Englein,
70 816 518 885 weiß wie Schnee.
172 904 1520 985 Kommt, ihr Englein, weiß und fein! wiegt mir
69 990 1516 1073 ſchön mein Kindelein; wiegt ſein Herzchen fromm und
70 1078 975 1155 gut, wie der Wind der Lilie thut.
168 1166 1512 1248 Schlafe, Kindlein, ſchlafe nun! ſollſt in Gottes
72 1251 1515 1332 Frieden ruhn; denn die frommen Engelein wollen deine
71 1338 398 1405 Wächter ſein.
619 1512 952 1572 Am Abend.
265 1597 1261 1677 Kommt die Nacht mit ihren Sternen,
267 1684 1139 1762 hört das Kindlein auf zu lernen,
265 1770 1045 1845 legt ſich ſtill ins Bett hinein,
263 1859 1126 1933 betet fromm und ſchlummert ein.
264 1945 1044 2022 Und die Engel ſteigen nieder,
263 2031 1047 2107 ſingen ihm viel ſchöne Lieder.
262 2120 1099 2196 An dem Bettlein leis und ſacht
262 2206 985 2282 wachen ſie die ganze Nacht.
98 2410 1324 2510 Mit Gott fang an; mit Gott hör auf;
95 2510 953 2600 das iſt der beſte Lebenslauf.
