1805 3046
1433 185 1493 229 33
44 304 1494 383 Jäger rief: Stärlein, wo biſt du? ſo ſchrie der Star
46 391 1494 472 allemal: Da bin ich! Des Nachbarn kleiner Karl hatte
46 479 1493 559 eine ganz beſondere Freude an dem Vogel und beſuchte
47 566 1493 647 den Jäger ſehr oft. Einmal kam Karl wieder; der
45 653 1492 734 Jäger war aber nicht in der Stube. Schnell fing Karl
49 740 1492 821 den Vogel, ſteckte ihn in die Taſche und wollte damit
47 828 1491 908 fortgehen. Da kam aber der Jäger gerade zur Thüre
50 915 1492 996 herein. Er wollte dem Knaben eine Freude machen
48 1002 1490 1082 und rief daher: Stärlein, wo biſt du? — und der
51 1089 1490 1170 Vogel in der Taſche des Knaben ſchrie ſo laut er konnte:
48 1167 1490 1257 Da bin ich! Über und über rot vor Scham, gab Karl
52 1262 1487 1345 den Vogel heraus und durfte ſich nie mehr bei dem
50 1349 531 1420 Jäger ſehen laſſen.
255 1572 1294 1663 15. Wie die Tiere ſich nähren.
320 1698 1034 1771 Die Tauben freſſen Wicken,
318 1784 1111 1859 die Schwalben fangen Mücken,
318 1872 944 1944 die Schafe freſſen Gras,
321 1959 918 2031 die Raben ſpeiſen Aas,
319 2046 1116 2122 die Störche haſchen Schlangen,
318 2133 1086 2209 die Katz' muß Mäuſe fangen,
319 2220 1118 2297 die Kuh mag Heu und Stroh,
317 2308 1170 2387 ein Korn macht's Spätzlein froh,
317 2395 1006 2468 die Stare freſſen Spinnen,
317 2482 1092 2557 die Ente ſchlürft aus Rinnen,
315 2570 1141 2646 das Schwein wühlt im Moraſt.
314 2658 1103 2735 Ich möcht nicht ſein ihr Gaſt.
121 2756 819 2799 Hoffmann, Fibel. II. Abtlg. Kl. Ausg.
1287 2772 1308 2806 3
