1853 3038
373 197 428 237 10
971 199 1168 236 Von Gott.
371 323 1760 399 ihn schlägt. Iß nicht zu viel; denn das ſteht dem
370 410 1756 485 Kind nicht wohl an, und macht träg, dumm und krank. —
371 496 1764 573 Naſch nicht, und nimm auch dann nichts, wenn man
370 584 1764 660 dich nicht ſieht. Die Maus ſtiehlt den Speck, und der
373 672 1763 747 Speck bringt ihr den Tod. — Meid den Zorn; zank
373 758 1762 835 und ſtreit nicht; rauf und ſchlag nicht, auch nicht im
374 844 1760 924 Scherz. Auf der Gaß ſpott die Leut' nicht aus; plag
372 932 1758 1009 kein Kind, wirf nicht mit Stein und Kot um dich.
372 1020 1757 1097 Auf dem Feld tritt nicht in das Korn, und wat nicht
374 1106 1757 1185 durch das Gras. Reiß das Obſt nicht ab, das noch
370 1194 1758 1271 nicht reif iſt, und ſtiehl keins, wenn es auch reif iſt.
370 1280 1756 1356 Wo du nur biſt, thu und treib nichts, vor dem du
371 1367 1483 1439 dich schämſt, wenn es an den Tag kommt.
513 1456 1755 1530 Nun, mein Kind, weißt du, was Gott von dir
370 1541 1753 1621 will, und was du zu thun haſt. So thu es auch!
369 1628 1755 1707 Du weißt ja, wie es dem Baum geht, der nicht
368 1714 736 1783 Frucht bringt.
