1855 3056
358 300 1733 399 C. Fremde Buchstaben. Andersſchreibung einiger Laute.
336 391 1242 492 30. Vielſilbige Wörter
1096 519 1717 738 Quelle
1100 722 1833 978 Qu qu =  kw
1084 997 1855 1124 Quelle Qu qu = kw.
581 1138 1524 1218 Die Quelle ſprudelt und rieſelt.
764 1235 1371 1307 Quelle, Quelle, Quelle,
764 1319 1248 1389 liebe, kleine Welle,
764 1400 1337 1472 biſt ſo klar und helle.
454 1487 1766 1570 Quint, Qualm, Quaſte, quer, bequem, quetſchen.
351 1566 1773 1653 Die Tiere darf man nicht quälen. Mit dem Quirl
353 1650 1757 1736 quirlt man. Die Fröſche quaken. Die Schweine quieken
283 1749 402 1852 31.
946 1761 1799 2012 Axt x X ks
1075 2023 1758 2159 Axt x X = ks
469 2213 1778 2302 Die Axt iſt ein Werkzeug, das vom Zimmermann,
362 2292 1785 2393 Holzhauer, Tiſchler gebraucht wird. Sie iſt aus Stahl
363 2379 1568 2471 und Eiſen gemacht. Der Stiel iſt von Holz.
476 2461 1786 2556 Max, Examen, Exempel, Xerxes, Kruzifix. Die
368 2546 1786 2639 Soldaten exerzieren. Mein Bruder heißt Franz Xaver.
368 2638 1359 2726 Axt, Art; Max, Maria; Hexe, Herz.
