1783 3056
1372 201 1441 264 13
545 211 929 257 Von Jeſus Chriſtus.
178 342 1432 410 Liebe Kinder! Freuet euch mit den Engeln
51 428 1432 499 und Hirten, und lobet und preiſet Gott mit ihnen.
49 516 1431 586 Denn der Sohn Gottes kam vom Himmel auf die
50 603 1430 673 Erde, damit wir einſt zu ihm in den Himmel kom=
53 691 1431 759 men. Er wurde aus Liebe zu uns arm, um uns
54 780 973 848 reich zu machen an allem Guten.
188 866 1433 934 4. Ein ſchöner heller Stern er schien am Him=
54 952 1432 1022 mel, und führte die heiligen drei Könige herbei.
53 1033 1436 1106 Über dem Ort, wo das Kind war, ſtand der Stern
56 1127 1436 1195 ſtill. Sie gingen voll Freude hinein und knieten
57 1213 1433 1283 vor dem Kinde nieder, und schenkten ihm Gold,
59 1303 756 1372 Weihrauch und Myrrhen.
192 1387 1441 1457 Liebſte Kinder! Gott ehrte seinen lieben Sohn
60 1474 1440 1547 durch einen Stern am Himmel. Menſchen brachten
59 1562 1439 1635 ihm Gold und Opfer dar, und was man ſonſt noch
63 1648 1437 1719 auf Erden koſtbar hält. Habt doch auch ihr ihn
64 1736 1442 1808 von Herzen lieb, und ſchenkt ihm euer ganzes Herz.
62 1821 1443 1896 Ein Herz, das rein und lauter iſt, wie Gold, iſt
64 1911 1171 1982 Jeſu lieber als alles Gold in der Welt.
701 2059 795 2133 II.
63 2172 1441 2247 Der Knabe Jeſus, das ſchönſte Beiſpiel für
646 2256 874 2322 Kinder.
204 2381 1446 2448 Der kleine Jeſus war der frommſte Knabe in
71 2469 1445 2538 der Welt. Als er zwölf Jahre alt war, nahmen
71 2554 1447 2633 ihn ſeine Eltern mit in den Tempel. Es war ein
73 2642 1452 2713 weiter Weg dahin. Dennoch ging er voll Freuden
