1840 3042
375 223 433 263 20
881 226 1278 273 Von Jeſus Chriſtus.
376 354 1772 428 freundlich; „Weine nicht!" Dann befahl er den
377 441 1771 517 Trägern, ſtill zu ſtehen. Sie ließen die Bahre
379 530 1770 604 nieder. Alle ſahen den Toten in dem offenen
380 617 1769 692 Sarge liegen. Jeſus aber ſprach: „Jüngling! ich
379 705 1768 778 ſage dir, ſtehe auf!" Und der Tote ſtand auf, und
375 792 1376 862 Jeſus führte ihn zu ſeiner Mutter.
521 1005 1770 1077 Aus allem, was Jeſus gethan und gelehrt
381 1091 1770 1164 hat, erkennen wir seine Allmacht und ſeine große
378 1179 1770 1249 Liebe. Noch eher ſehen wir dieſe ſeine Liebe aus
377 1266 1380 1337 allem, was er für uns gelitten hat.
521 1365 1769 1436 Auch euch Kindern zu lieb litt Jeſus. Am
379 1443 1770 1527 Ölberge ſtand er eine solche Angſt aus, daß ihm
367 1536 1773 1616 blutiger Schweiß ausbrach. Man geißelte ihn bis
369 1624 1779 1706 aufs Blut, und drückte eine Krone von Dornen auf
369 1713 1777 1794 ſein Haupt. Er litt es geduldig, daß man ihn an
367 1801 1777 1878 das Kreuz nagelte; er ſtarb am Kreuze aus Liebe
372 1889 1773 1969 zu euch; um euch und alle Menſchen von den Sün=
367 1975 1777 2055 den zu erlöſen, und uns alle heilig und ſelig zu
365 2062 1777 2144 machen. Ihr werdet künftig die Geſchichte davon
367 2150 1775 2230 ausführlicher hören. Doch werdet ihr auch jetzt
369 2234 1777 2320 ſchon einſehen, daß ihr an Jeſus den liebevollſten
365 2322 1036 2400 und beſten Freund habt.
522 2426 1770 2498 Liebet ihn, der euch geliebt hat bis in den
381 2514 1770 2587 Tod; lebet nur ihm, und ſetzet auf ihn euer ganzes
381 2605 690 2658 Vertrauen.
