1866 3042
392 231 453 278 24
858 216 1338 267 Von dem heiligen Geiſte.
400 341 1785 423 Geiſte, der mit dem Vater und Sohne eines iſt. —
402 427 1787 508 Ein unendlich weiſer, gütiger, mächtiger Gott.
401 516 1790 600 Schon zu Hauſe hat man euch gelehrt, daß ihr alles
403 603 1789 686 thun ſollt im Namen des Vaters, des Sohnes und
403 690 1790 773 des heiligen Geiſtes. Ihr werdet dieſe Worte nun
403 778 1791 860 beſſer verſtehen, als früher. Thut nun aber auch
405 865 1793 945 darnach um ſo bereitwilliger und eifriger. Seid
404 951 1795 1035 ſtets gute Kinder des Vaters im Himmel, folgſame
404 1038 1792 1121 Jünger Jeſu, unſers Herrn, und euer Herz ſei ſtets
405 1125 1795 1209 rein und heilig — ein Tempel des heiligen Geiſtes.
