1818 3056
291 188 320 232 8
297 322 1043 395 13. ck
410 430 1736 504 Iſt der Rock neu? Iſt der Sack leer?
291 530 1737 608 Packen wir heute ein? Backen die Bäcker?
292 624 938 702 Iſt die Hacke ſcharf?
614 727 1426 793 Welcher Bock hat keine Haut?
408 832 1736 910 Ich bin ſatt. Du biſt matt. Er iſt toll.
291 924 1735 1001 Es iſt voll. Wir können und gönnen. Wir
290 1018 1734 1096 haſſen und laſſen. Wir raffen und ſchaffen.
291 1112 1735 1188 Es hallet und ſchallet. Es rollet und tollet.
298 1239 1383 1330 14. Kätzchen und Mäuschen.
499 1350 1434 1414 Ein Manschen ſaß in ſeinem Loch,
498 1420 1119 1484 das Kätzchen ſaß davor.
497 1489 1593 1554 Lieb Mäuschen komm, komm näher doch!
497 1560 1319 1624 Lieb Mäuschen, komm hervor!
497 1628 1422 1694 Ich geb dir Zucker, weiß und ſüß,
499 1685 1207 1764 viel Nüßchen auch vollauf.
498 1768 1415 1833 Das Mäuschen ſich bethören ließ.
501 1840 1199 1903 Das Kätzchen fraß es auf.
300 1942 1296 2034 15. Petz und Bienchen.
427 2049 1361 2113 Einmal ſtach Bienchen einen Bär.
424 2119 1286 2184 Dies ärgerte den Petz gar sehr.
423 2189 1337 2252 Rasch lief er an das Bienenhaus.
422 2259 1289 2322 Da kam die Bienenſchar heraus
421 2329 1359 2392 und auf ihn zu, ihm auf die Haut
421 2398 1517 2463 und ſtach. Das Petzchen schrie gar laut.
422 2466 1549 2532 Weh thut ſein Aug. Es kann kaum sehn.
425 2538 1510 2602 Dick ist ſein Fuß. Es kann kaum gehn.
428 2607 1520 2673 Bär heult. Da ließ ihn Bienchen ruhn.
427 2677 1381 2744 So was will Petz nie wieder thun.
