1806 3052
528 236 1006 287 Von dem heiligen Geiſte.
1401 248 1456 288 23
74 362 1458 441 und froh, und hüpft und ſpringt vor Freu de. So
73 450 1463 530 erwärmt der hei li ge Geiſt auch eu er und un ſer al ler
72 538 1460 617 Herz, erfüllt es mit Freu de, und gibt al lem Gu ten
73 625 1461 704 dar in Wachs tum und Ge dei hen. Die Luft belebt.
72 712 1461 793 Oh ne daß wir ſie ſe hen, at men wir ſie je den Au⸗
74 801 1461 879 gen blick ein. Oh ne Luft könn ten wir gar nicht le ben.
74 887 1459 966 So kön nen wir oh ne den hei li gen Geiſt, ob wir ihn
73 975 1293 1052 gleich nicht ſe hen, nicht gut und wei ſe le ben.
208 1063 1457 1141 Noch deut li cher ſe het ihr an den Jün gern,
72 1149 1459 1228 wo zu dem Men ſchen der Bei ſtand des hei li gen
73 1235 698 1306 Gei ſtes not wen dig ſei.
208 1323 1460 1402 Be vor er kam, wa ren die Jün ger öf ters un⸗
73 1409 1461 1491 ver ſtän dig, klein mü tig und nicht oh ne Män gel.
71 1497 1459 1578 Nach dem er ge kom men war, ſa hen ſie al les hell und
71 1584 1461 1666 klar ein, was Je ſus ih nen ge ſagt hat te. Sie fühl ten
72 1671 1460 1748 neu e Luſt und Kraft zum Gu ten. Sie wa ren voll
71 1757 1459 1835 Freu dig keit, voll Mu tes und Tro ſtes in al len Lei⸗
71 1843 1458 1928 den. E ben ſo, wie die Jün ger, könnt auch ihr erſt durch
70 1930 1458 2014 den hei li gen Geiſt recht ver ſtän di ge, gu te, zu frie⸗
70 2016 1457 2099 de ne Men ſchen wer den. Wenn euch da her das Ler nen
66 2105 1453 2186 ſchwer wird, wenn euch das Gu te hart an kommt,
67 2192 1452 2276 wenn ihr trau rig ſeid, ſo bit tet nur recht herz lich
67 2279 1402 2362 um den Bei ſtand die ſes gu ten hei li gen Gei ſtes.
195 2488 1450 2574 Li ebe Kin der! Nun habt ihr meh re res ge hört
63 2574 1445 2661 von un ſerm lie ben Gott: von dem Va ter im Him mel,
62 2661 1444 2748 von ſei nem lie ben Soh ne und von dem hei li gen
