1845 3046
385 228 433 268 18
882 211 1288 262 Von Jeſus Chriſtus.
1031 357 1124 404 IV.
417 449 1748 540 Jeſus Chriſtus, der größte Kinderfreund.
528 608 1787 690 Jeſus ist der beſte Freund aller Menſchen. Er
390 697 1785 784 ging umher, und half allen, die in Not und Elend
390 785 1784 867 waren. Er machte Blinde ſehend, Taube hörend,
391 873 1788 956 Stumme redend, Lahme gehend, Kranke geſund, ja
393 960 1789 1046 ſogar Tote wieder lebendig. Auch Kindern bewies
397 1059 963 1130 er ſeine große Liebe.
545 1168 1794 1251 Eines Tages brachten fromme Mütter ihre
402 1256 1794 1341 Kinder zu Jeſus, damit er ſie ſegne. Seine Jün=
