1699 2619
780 185 829 189 —
884 164 929 199 76
982 187 1033 191 —

636 267 721 317 18.
765 264 1170 334 Schlummerlied.

509 377 579 418 Die
607 377 765 429 Vöglein
794 380 921 431 gingen
948 381 1063 432 längſt
1090 393 1150 433 zur
1178 382 1290 433 Ruh';

454 443 523 483 das
550 442 741 494 Täubchen
769 445 845 496 flog
874 446 949 486 dem
978 446 1136 498 Schlage
1162 458 1204 498 zu

452 510 523 549 und
554 509 619 560 ſitzt
647 521 722 551 nun
749 511 805 551 bei
833 512 898 552 den
925 513 1082 554 Kleinen.

453 575 526 615 Der
553 575 669 616 Vater
698 576 831 627 ſchließt
858 578 927 618 das
954 579 1161 620 Gartentor.

453 641 516 681 Da
544 641 637 692 guckt
666 642 749 693 auch
781 642 876 693 ſchon
904 645 962 685 der
990 644 1119 686 Mond
1149 645 1285 695 hervor,

452 707 523 747 und
551 708 698 759 tauſend
729 708 864 749 Sterne
893 710 1044 760 ſcheinen.

502 811 588 852 Nun
615 813 729 863 mache
758 814 855 855 deine
883 808 1036 866 Äuglein
1063 827 1104 867 zu

451 878 521 918 und
551 878 670 929 ſchlafe
700 879 770 930 ſüß,
799 881 889 920 mein
917 880 1081 933 Liebling
1111 883 1175 922 du!

451 943 520 984 Ein
548 943 665 994 Engel
693 945 770 995 hält
799 957 855 986 am
886 946 989 987 Bette
1018 947 1157 998 Wacht.

450 1008 557 1050 Mein
585 1010 828 1062 Herzenskind,
858 1012 930 1063 gut'
957 1012 1078 1064 Nacht,
1108 1014 1181 1064 gut'
1211 1014 1335 1064 Nacht!

501 1075 598 1116 Gute
626 1075 758 1127 Nacht!

672 1261 755 1311 19.
803 1260 898 1316 Am
936 1260 1123 1317 Abend.

550 1371 671 1413 Wenn
698 1373 753 1413 die
781 1374 914 1415 Kinder
944 1375 1085 1425 ſchlafen
1113 1376 1177 1422 ein,

495 1437 633 1487 wachen
662 1439 726 1489 auf
753 1439 808 1480 die
836 1440 975 1488 Sterne,

494 1504 565 1543 und
596 1515 635 1543 es
665 1503 789 1555 ſteigen
818 1505 986 1556 Engelein

497 1569 611 1609 nieder
640 1581 711 1610 aus
739 1571 798 1611 der
827 1571 946 1621 Ferne,

494 1634 613 1684 halten
641 1636 740 1686 wohl
769 1638 823 1677 die
851 1649 956 1689 ganze
983 1638 1096 1689 Nacht

493 1700 546 1740 bei
574 1701 641 1741 den
670 1702 841 1752 frommen
868 1704 1025 1744 Kindern
1055 1704 1193 1755 Wacht.

666 1886 752 1936 20.
795 1884 1111 1954 Abendgebet.

499 1995 612 2036 Guter
640 1996 754 2037 Vater
783 1998 829 2038 im
857 1999 1008 2048 Himmel
1036 2000 1093 2047 du,

447 2062 554 2102 meine
581 2061 711 2113 Augen
739 2063 847 2114 fallen
874 2076 922 2116 zu,

447 2128 521 2167 will
546 2128 630 2178 mich
660 2129 697 2168 in
723 2130 816 2170 mein
844 2130 1008 2181 Bettchen
1036 2132 1143 2182 legen,

449 2193 507 2243 gib
535 2194 601 2233 mir
630 2195 680 2235 du
708 2206 782 2236 nun
810 2197 931 2237 deinen
960 2197 1094 2248 Segen.

446 2257 569 2299 Lieber
598 2259 700 2308 Gott,
728 2261 800 2302 das
828 2262 903 2303 bitt'
931 2263 977 2313 ich
1006 2264 1095 2314 dich:

446 2323 551 2365 Bleib
581 2326 636 2366 bei
664 2328 738 2375 mir,
768 2328 848 2379 hab'
877 2329 951 2379 acht
977 2330 1041 2380 auf
1068 2330 1167 2380 mich!
1226 2331 1355 2372 Amen!
