1734 2662
804 287 978 432 chs
589 287 766 434 chs

584 282 983 439 chs chs
664 207 711 209 —
872 206 923 208 —
664 207 711 209 OMB
748 176 830 228 61

60 189 144 240 31.

105 434 405 582 Fuchs,
466 432 763 581 Dachs,
1185 429 1478 577 Lachs,
836 430 1139 580 Luchs,

78 577 407 734 Flachs,
413 574 812 733 Gewächs,
794 574 1187 731 wachsen,
1192 571 1506 729 wächst,

99 724 305 882 Ochs,
369 721 655 880 sechs,
721 720 1027 880 Achsel,
1110 718 1480 875 Büchse.

647 925 729 973 Im
763 924 944 972 Walde.

194 1007 264 1046 Die
284 1006 421 1046 Kinder
441 1004 551 1055 gehen
576 1015 658 1055 gern
676 1005 713 1045 in
732 1005 800 1044 den
820 1007 957 1054 grünen
983 1003 1107 1044 Wald.
1137 1004 1201 1045 Da
1226 1004 1340 1056 ſtehen
1361 1004 1515 1058 Buchen,

87 1070 212 1120 Eichen
239 1069 312 1109 und
345 1067 497 1117 Fichten.
542 1067 604 1106 Da
632 1067 784 1118 wachſen
814 1067 897 1116 auch
927 1065 1037 1117 Nüſſe
1065 1066 1137 1107 und
1169 1066 1315 1107 Beeren.
1367 1066 1516 1106 Droben

87 1143 145 1172 am
175 1131 319 1171 Baume
351 1130 464 1181 klopft
497 1129 557 1169 der
587 1129 728 1179 Specht.
788 1129 863 1169 Der
894 1128 1016 1178 Dachs
1047 1128 1164 1180 ſchläft
1192 1129 1229 1169 in
1257 1128 1362 1180 ſeiner
1390 1127 1516 1177 Höhle.

89 1193 283 1244 Eidechſen
311 1192 455 1244 huſchen
485 1192 586 1242 durch
621 1192 689 1231 das
720 1190 855 1231 Moos.
918 1190 1130 1240 Manchmal
1166 1190 1309 1242 ſchleicht
1339 1190 1422 1240 auch
1458 1190 1516 1230 der

89 1255 205 1305 Fuchs
235 1254 336 1304 durch
367 1254 434 1294 den
465 1253 588 1293 Wald.
630 1253 724 1303 Jetzt
752 1252 883 1303 lauſcht
912 1264 946 1292 er
974 1252 1047 1293 und
1078 1252 1166 1303 ſpitzt
1195 1252 1249 1293 die
1274 1252 1424 1303 Ohren.
1467 1251 1517 1291 Er

88 1318 218 1358 wittert
243 1316 308 1356 den
328 1316 453 1366 Jäger
476 1316 541 1355 mit
564 1316 623 1355 der
644 1315 788 1365 Büchſe.
826 1315 984 1355 Darum
1008 1314 1119 1364 macht
1145 1326 1177 1354 er
1204 1314 1261 1365 ſich
1288 1315 1368 1364 eilig
1388 1314 1519 1354 davon.

522 1413 608 1460 Wo
644 1411 720 1459 bin
753 1411 811 1470 ich
849 1411 1081 1470 geweſen?

169 1492 242 1532 Wo
272 1493 334 1532 bin
363 1492 409 1542 ich
442 1492 619 1542 geweſen?

166 1553 253 1594 Nun
280 1554 338 1593 rat
368 1554 497 1593 einmal
528 1553 638 1603 ſchön!

168 1616 238 1656 Im
269 1615 383 1655 Wald
414 1615 481 1665 biſt
511 1614 667 1665 geweſen,

167 1678 236 1717 das
267 1677 356 1717 kann
385 1676 433 1726 ich
462 1676 500 1726 ja
531 1675 617 1727 ſehn.

170 1738 437 1790 Spinnweben
467 1748 525 1777 am
554 1737 756 1787 Kleidchen,

167 1800 385 1841 Tannadeln
413 1800 462 1839 im
490 1799 603 1848 Haar,

168 1864 237 1903 das
267 1862 388 1912 bringt
416 1861 454 1911 ja
483 1871 550 1906 nur
579 1861 650 1908 mit,

168 1935 238 1965 wer
266 1925 314 1964 im
342 1923 622 1964 Tannenwald
652 1932 736 1962 war.

844 1490 943 1531 Was
971 1491 1025 1530 tat
1054 1490 1101 1540 ich
1131 1491 1177 1530 im
1209 1489 1370 1530 Walde?

844 1552 987 1603 Sprich,
1019 1551 1126 1601 weißt
1155 1552 1204 1592 du
1234 1552 1304 1592 das
1335 1552 1446 1601 auch?

843 1614 936 1664 Haſt
965 1613 1139 1653 Beerlein
1169 1613 1290 1664 gepickt

843 1686 928 1715 vom
958 1674 1347 1725 Heidelbeerſtrauch.

843 1737 893 1785 O,
924 1736 989 1788 ſieh
1019 1747 1095 1784 nur,
1122 1737 1189 1776 wie
1218 1737 1307 1776 blau

844 1809 904 1839 um
934 1798 1004 1838 das
1036 1797 1257 1847 Mündchen
1286 1798 1335 1837 du
1365 1797 1447 1848 biſt!

847 1860 933 1900 Das
962 1859 1131 1899 bekommt
1159 1871 1244 1899 man
1271 1859 1309 1909 ja
1337 1870 1414 1907 nur,

844 1933 948 1962 wenn
976 1932 1060 1961 man
1089 1920 1354 1970 Heidelbeer'n
1383 1920 1453 1970 ißt!

1298 2441 1315 2466 5

147 2436 211 2460 Hirts
226 2436 286 2457 Neue
300 2433 543 2460 Schreib⸗Leſe⸗Fibel.
