1714 2644
777 200 828 203 —
880 178 928 213 52
981 201 1030 204 —

198 823 282 873 22.

743 887 830 935 Die
862 887 1063 935 Bienen.

307 986 385 1033 Im
416 986 581 1032 Garten
613 985 660 1042 iſt
687 985 764 1031 das
796 984 1101 1042 Bienenhaus.
1144 984 1229 1030 Die
1259 982 1430 1030 Bienen
1456 984 1614 1042 fliegen

197 1067 305 1125 ſchon
340 1078 406 1112 am
437 1063 588 1122 frühen
622 1062 819 1122 Morgen
852 1063 921 1121 auf
953 1063 1014 1109 die
1042 1062 1200 1121 Wieſe.
1256 1062 1356 1120 Hier
1388 1063 1535 1120 finden
1564 1063 1615 1120 ſie

198 1146 346 1204 ſchöne
381 1142 584 1190 Blumen.
639 1142 724 1189 Die
747 1141 962 1200 Bienchen
997 1142 1127 1188 unter
1148 1141 1294 1200 ſuchen
1326 1142 1427 1201 jede
1462 1140 1613 1188 Blüte.

201 1225 285 1271 Sie
317 1223 432 1270 lecken
461 1222 542 1268 und
575 1222 738 1280 ſaugen
772 1222 847 1268 den
899 1221 1003 1279 Saft
1038 1220 1217 1278 heraus.
1266 1221 1429 1279 Dieſen
1462 1221 1615 1279 tragen

200 1304 252 1361 ſie
279 1303 322 1349 in
353 1302 430 1348 das
458 1299 768 1358 Bienenhaus.
819 1300 1005 1346 Warum
1038 1299 1183 1346 lieben
1218 1300 1293 1346 wir
1325 1300 1386 1346 die
1409 1299 1615 1346 Bienen?

817 1437 1053 1496 Bienchen,
1092 1437 1226 1496 ſumm
1260 1437 1441 1496 herum!

674 1535 840 1590 Summ,
877 1535 1008 1593 ſumm,
1044 1535 1181 1592 ſumm,

672 1622 899 1681 Bienchen,
935 1623 1057 1681 ſumm
1090 1622 1258 1680 herum.

671 1710 735 1765 Ei,
776 1711 851 1757 wir
882 1711 952 1756 tun
986 1710 1046 1756 dir
1079 1710 1202 1768 nichts
1236 1722 1283 1769 zu
1315 1710 1439 1764 leide,

669 1798 775 1856 flieg’
812 1810 888 1844 nur
922 1810 997 1844 aus
1030 1797 1074 1843 in
1111 1797 1237 1844 Wald
1271 1797 1350 1844 und
1386 1796 1540 1854 Heide.

675 1885 796 1943 Such'
831 1886 873 1932 in
907 1884 1114 1939 Blumen,
1153 1885 1242 1943 ſuch'
1278 1885 1319 1931 in
1353 1883 1586 1943 Blümchen

670 1973 731 2019 dir
765 1973 829 2019 ein
864 1972 1109 2032 Tröpfchen,
1146 1972 1207 2019 dir
1242 1972 1305 2018 ein
1339 1972 1587 2030 Krümchen.

673 2060 826 2119 Kehre
858 2060 962 2119 heim
994 2060 1066 2106 mit
1098 2060 1256 2118 reicher
1290 2059 1436 2117 Habe,

671 2149 764 2196 bau’
800 2161 879 2195 uns
912 2147 1083 2206 manche
1116 2148 1240 2195 volle
1274 2148 1431 2195 Wabe.

677 2237 843 2291 Summ,
880 2236 1011 2294 ſumm,
1049 2236 1185 2294 ſumm,

673 2323 899 2383 Bienchen,
935 2324 1057 2382 ſumm
1089 2324 1255 2382 herum.
