1696 2642
1015 1767 1407 1851 werden

778 191 837 204 —
883 171 937 214 28
982 192 1041 204 —

1389 2295 1582 2382 lieb.
1060 2301 1397 2386 wieder
901 2303 1063 2437 sei
850 2363 886 2374 —
546 2304 851 2438 rieche
235 2307 547 2441 reiche

216 2186 599 2321 schieben,
586 2184 945 2278 dienen,
941 2180 1287 2311 biegen,
1265 2176 1612 2308 riechen,

1563 2063 1601 2075 —
399 2042 636 2102 nun
654 2044 987 2146 wiege
1010 2011 1160 2144 ich
1172 2012 1332 2142 sie
1352 2032 1548 2091 ein

1385 1886 1556 1969 der
1253 1913 1389 1971 in
1092 1892 1253 2023 sie
774 1893 1093 2022 liegen
545 1894 781 2027 schon
508 1955 544 1967 —
210 1897 504 1981 müde

794 1830 839 1842 —
226 1775 405 1909 hin
414 1773 632 1857 und
601 1771 782 1906 her
855 1770 1004 1854 da
1420 1766 1589 1898 sie

703 1710 763 1722 —
1226 1643 1559 1738 nieder,
1008 1646 1234 1730 und
788 1648 1000 1780 auf
481 1679 678 1736 mir
258 1654 468 1737 mit

844 1585 890 1598 —
228 1533 391 1664 sie
392 1527 834 1662 aussehen
898 1549 1120 1609 nun
1445 1526 1589 1649 sie
1118 1528 1443 1652 laufen

204 1408 370 1542 ich
344 1407 595 1541 ziehe
934 1452 1086 1488 an
1078 1463 1110 1475 —
1104 1431 1297 1487 wie
1287 1399 1615 1531 niedlich
732 1410 946 1533 fein
594 1412 730 1534 sie

261 1315 637 1371 meine
850 1281 1111 1416 habe
1151 1279 1306 1413 ich
1329 1277 1536 1363 lieb
1536 1336 1585 1348 —
