1727 2662
671 186 728 199 —
776 164 834 208 89
880 186 941 198 —

170 273 291 313 Kind:

169 341 384 392 Schwalbe:

423 272 653 323 „Schwalbe,
684 271 811 323 ſprich,
844 283 959 311 wann
988 270 1131 320 kommſt
1158 270 1205 308 du
1224 268 1415 308 wieder?“

417 343 564 390 „Wenn
591 341 630 380 in
656 340 835 391 Knoſpen
865 339 951 390 ſteht
979 339 1038 378 der
1066 338 1215 390 Flieder,

418 415 527 442 wenn
553 413 755 453 zergangen
783 400 927 450 Schnee
955 400 1029 439 und
1058 399 1141 449 Eis,

417 464 539 514 Wieſe
566 467 660 514 grün
690 462 763 501 und
793 461 1002 511 Blümchen
1031 460 1136 512 weiß,

417 536 527 563 wenn
555 524 622 562 das
650 522 849 572 Mückchen
878 521 1010 560 wieder
1037 524 1132 572 tanzt

417 586 491 624 und
521 585 568 623 du
596 583 694 634 ſelbſt
722 583 827 634 ſchon
859 581 1038 633 ſchreiben
1068 581 1226 631 kannſt.“

333 735 423 785 48.
464 730 691 799 Häslein
728 730 805 784 im
844 727 1282 796 Mondenſchein.

409 839 436 888 1.
467 839 541 878 Als
570 839 628 877 der
656 837 781 877 Mond
811 836 927 886 ſchien
957 835 1054 886 helle,

355 900 437 939 kam
466 900 523 938 ein
550 898 704 951 Häslein
733 897 893 948 ſchnelle,

358 960 474 1010 ſuchte
502 959 565 1010 ſich
594 959 666 1007 ſein
693 956 926 997 Abendbrot.

358 1020 437 1073 Hu!
469 1019 525 1058 ein
553 1020 672 1070 Jäger
702 1017 806 1069 ſchoß
836 1017 903 1056 mit
931 1016 1076 1066 Schrot.

410 1116 450 1155 2.
481 1114 633 1167 Häslein
662 1113 756 1163 läuft
785 1112 852 1151 mit
881 1110 1070 1161 Schrecken

362 1175 482 1225 hinter
510 1179 622 1225 grüne
650 1174 793 1227 Hecken,

362 1235 492 1287 ſpricht
519 1247 599 1285 zum
626 1235 771 1273 Mond:
804 1232 933 1282 „Löſch
964 1244 1034 1271 aus
1063 1231 1141 1270 dein
1170 1230 1276 1280 Licht,

359 1296 431 1348 daß
461 1295 550 1345 mich
578 1294 661 1346 ſieht
688 1295 748 1333 der
774 1294 900 1344 Jäger
927 1292 1065 1342 nicht!“

412 1392 451 1431 3.
484 1391 565 1430 Und
594 1390 653 1428 der
679 1389 820 1439 Mond,
853 1389 913 1427 der
941 1387 1038 1438 helle,

358 1464 423 1502 zog
451 1451 506 1489 die
534 1450 683 1490 Wolken
713 1449 871 1500 ſchnelle,

363 1511 454 1562 groß
483 1511 555 1549 und
584 1511 684 1559 klein,
714 1522 783 1549 vor
812 1510 886 1560 ſein
916 1508 1068 1558 Geſicht,

363 1572 469 1610 ward
497 1582 559 1621 zur
586 1569 782 1622 Finſternis
812 1570 881 1608 das
911 1568 1018 1618 Licht.

417 1666 454 1715 4.
485 1665 637 1719 Häslein
665 1665 754 1715 ging
781 1676 844 1715 zur
873 1662 995 1713 Ruhe,

363 1738 430 1777 zog
459 1737 531 1765 aus
559 1725 652 1764 Rock
680 1725 753 1763 und
782 1723 942 1774 Schuhe,

366 1786 456 1836 legte
485 1785 548 1836 ſich
577 1785 662 1836 aufs
691 1784 819 1834 weiche
848 1785 986 1833 Moos,

366 1845 486 1896 ſchlief
515 1845 583 1884 wie
610 1845 648 1883 in
676 1845 735 1883 der
764 1844 861 1884 Erde
891 1842 1027 1894 Schoß.

659 1999 747 2048 49.
787 1993 981 2049 Nebel.

209 2105 323 2157 Heute
345 2114 499 2153 morgen
518 2100 650 2151 wachte
669 2100 720 2151 ich
742 2099 828 2151 früh
849 2099 929 2150 auf.
972 2098 1044 2148 Ich
1061 2098 1176 2149 guckte
1191 2109 1264 2137 aus
1281 2097 1361 2135 dem
1376 2095 1526 2148 Fenſter,

108 2165 189 2204 weil
218 2164 269 2214 ich
299 2163 406 2214 ſehen
439 2162 570 2212 wollte,
602 2161 647 2201 ob
676 2160 823 2211 ſchönes
852 2161 990 2199 Wetter
1019 2158 1080 2209 ſei.
1121 2157 1223 2197 Aber
1251 2168 1337 2196 was
1366 2156 1406 2205 iſt
1433 2156 1528 2195 das?

107 2224 179 2275 Ich
214 2223 291 2274 ſehe
319 2223 388 2274 faſt
416 2221 552 2271 nichts!
607 2222 680 2260 Wo
707 2221 747 2271 iſt
775 2221 836 2259 der
864 2220 985 2259 Turm
1014 2219 1157 2269 unſerer
1184 2216 1318 2266 Kirche
1347 2215 1528 2266 geblieben

108 2285 174 2325 mit
215 2284 346 2335 ſeinem
389 2282 540 2332 ſchönen
573 2285 710 2332 grünen
748 2280 902 2330 Dache?
964 2279 1024 2329 Iſt
1058 2291 1095 2317 er
1127 2278 1165 2317 in
1199 2278 1260 2316 der
1296 2276 1419 2326 Macht
1452 2288 1528 2315 um⸗

108 2344 294 2396 gefallen?
351 2342 425 2392 Ich
454 2342 553 2391 rufe:
585 2342 768 2388 „Mutter!
798 2341 964 2379 Mutter!
999 2339 1070 2377 Der
1098 2337 1310 2383 Kirchturm
1339 2336 1380 2385 iſt
1406 2338 1526 2386 weg!“
