1732 2672
654 186 713 199 —
760 164 818 208 69
863 185 924 198 —

373 274 510 344 Des
560 271 797 342 Kindes
850 271 1211 360 Tageslauf.

568 469 615 519 1.
658 464 1018 535 Morgengruß.

483 564 596 615 Steht
625 564 696 615 auf,
725 563 781 613 ihr
810 563 924 604 lieben
954 562 1176 603 Kinderlein!

429 628 502 668 Die
532 627 663 668 Sonne
690 626 818 667 kommt
846 626 911 666 mit
939 625 1063 676 hellem
1093 624 1233 675 Schein,

430 690 576 740 beginnt
604 700 661 730 am
690 688 845 739 Himmel
873 688 974 738 ihren
1004 686 1102 738 Lauf

430 753 503 793 und
532 752 626 792 weckt
654 752 708 792 die
736 751 866 791 kleinen
895 750 1033 791 Kinder
1062 750 1135 800 auf.

580 900 629 950 2.
670 893 1016 964 Langſchläfer.

407 993 533 1034 Was?
583 993 620 1032 Du
623 991 773 1042 liegſt
801 991 886 1042 noch
916 991 965 1031 im
995 989 1125 1030 Bette?

353 1055 566 1107 Geſchwind,
596 1054 799 1105 geſchwind!

354 1118 414 1158 An
443 1118 499 1158 die
530 1117 702 1168 Scheiben
729 1116 833 1166 pocht
861 1115 921 1155 der
952 1114 1229 1165 Morgenwind;

354 1181 401 1221 im
432 1180 572 1220 Garten
599 1179 702 1229 blüht
730 1179 786 1218 ein
815 1188 919 1218 neuer
951 1177 1093 1227 Mohn;

353 1243 409 1282 die
441 1242 573 1282 Sonne
603 1241 719 1292 ſcheint
748 1240 822 1280 drei
854 1239 1029 1279 Stunden
1058 1238 1164 1289 ſchon.

357 1305 433 1344 Der
462 1304 604 1344 Kuckuck
632 1303 705 1353 ruft
732 1312 819 1342 vom
850 1300 986 1341 Walde
1013 1300 1072 1350 her

354 1367 408 1407 ein
437 1366 654 1416 dutzendmal
682 1364 754 1404 und
785 1363 898 1413 mehr:

354 1428 526 1476 „Kuckuck,
556 1426 733 1468 Kuckuck!“

355 1490 427 1530 Die
456 1490 610 1539 Häslein
638 1488 807 1539 ſpringen,

354 1552 410 1592 die
438 1551 596 1601 Vöglein
624 1550 748 1601 ſingen,

354 1615 427 1654 und
458 1614 549 1653 alles
576 1613 669 1663 läuft
697 1612 768 1651 und
798 1611 888 1661 lacht
917 1621 977 1650 um
1005 1610 1059 1650 die
1089 1609 1208 1649 Wette
1237 1633 1284 1635 —

356 1687 423 1716 nur
453 1675 554 1725 unſer
582 1673 768 1724 Hänschen
796 1673 881 1723 liegt
910 1672 994 1722 noch
1023 1673 1069 1712 im
1100 1671 1214 1711 Bette.

358 1736 573 1788 Geſchwind,
603 1735 806 1786 geſchwind!
856 1734 1013 1784 Heraus,
1042 1733 1190 1784 heraus!

359 1797 543 1849 Erfährt's
572 1798 629 1838 der
660 1798 755 1848 Fritz,
786 1808 819 1837 er
848 1796 938 1846 lacht
967 1795 1038 1846 dich
1068 1806 1147 1835 aus.

311 1264 323 1282 5

302 1574 324 1592 10

574 1941 621 1989 3.
664 1934 1035 2004 Morgengebet.

466 2035 577 2075 Mein
606 2034 706 2082 Gott,
735 2033 890 2074 vorüber
920 2032 962 2083 iſt
990 2032 1045 2072 die
1073 2031 1194 2082 Nacht,

414 2097 541 2148 geſund
571 2096 641 2137 und
671 2096 752 2147 froh
783 2095 846 2135 bin
874 2094 921 2145 ich
952 2093 1108 2144 erwacht.

416 2159 483 2199 Du
511 2159 616 2210 warſt
643 2158 706 2198 mit
734 2158 869 2198 deinem
900 2156 1026 2207 Schuß
1056 2156 1110 2196 bei
1138 2156 1212 2203 mir,

416 2232 436 2261 o
465 2219 579 2261 Vater
607 2221 653 2260 im
684 2219 846 2270 Himmel,
874 2217 960 2269 hab’
990 2217 1094 2258 Dank
1121 2217 1246 2268 dafür!

417 2281 561 2333 Behüte
587 2282 668 2332 mich
698 2282 781 2332 auch
811 2280 925 2332 dieſen
953 2279 1046 2330 Tag,

416 2344 489 2394 daß
519 2343 565 2394 ich
595 2343 702 2394 nichts
732 2343 851 2394 Böſes
880 2343 998 2383 lernen
1024 2343 1123 2393 mag!
1182 2340 1309 2382 Amen!
