1714 2643
783 177 835 180 —
888 156 935 191 68
988 179 1038 182 —

821 355 890 404 In
923 355 998 402 der

826 442 994 502 Kirche.

763 563 861 607 Chriſt
875 564 908 607 iſt
925 564 1062 607 geboren!

763 634 868 677 Freue,
892 634 972 677 freue
996 635 1062 678 dich,

762 714 779 737 o
807 703 1007 748 Chriſtenheit!

315 778 387 818 Die
417 776 778 828 Weihnachtsglocken
807 778 923 828 haben
950 780 1103 830 geläutet
1131 790 1214 820 vom
1238 780 1370 820 Turme
1397 780 1512 830 herab,
1542 780 1615 820 und

203 839 259 879 die
292 838 438 879 Mutter
474 839 538 889 hat
571 840 730 890 gerufen:
768 840 948 889 „Kommt,
986 841 1127 889 Kinder,
1160 852 1236 892 zum
1274 841 1421 892 heiligen
1454 841 1611 893 Chriſt!“

204 901 268 940 Da
303 900 419 950 haben
459 901 501 952 ſie
540 901 606 941 alle
641 901 697 941 die
739 902 878 952 ſchönen
908 902 1063 953 Sachen:
1102 903 1158 943 die
1191 903 1335 954 Kugeln
1369 903 1440 943 und
1476 903 1616 954 Kerzen,

202 963 258 1002 die
285 962 415 1014 Taſſen
453 963 524 1003 und
554 963 678 1011 Teller,
707 963 824 1013 Küche
860 964 932 1004 und
966 964 1104 1014 Kuchen
1142 965 1214 1005 und
1253 966 1340 1005 alles
1370 964 1481 1016 ſtehen
1509 964 1616 1016 laſſen

202 1024 276 1064 und
308 1025 381 1075 ſind
410 1026 472 1065 mit
500 1024 611 1065 Vater
640 1025 715 1065 und
742 1025 890 1066 Mutter
922 1037 979 1076 zur
1007 1026 1128 1076 Kirche
1157 1037 1348 1077 gegangen.
1397 1027 1494 1067 Dort
1522 1027 1614 1077 ſitzen

203 1087 246 1137 ſie
278 1087 348 1137 jetzt
390 1087 491 1127 unter
525 1087 583 1127 der
619 1087 753 1137 Kanzel
797 1087 863 1137 ſtill
905 1087 976 1127 und
1016 1088 1202 1138 andächtig
1238 1088 1310 1128 und
1347 1088 1502 1138 lauſchen
1536 1088 1613 1128 dem

201 1148 377 1197 lieblichen
399 1148 497 1198 Chor
523 1148 595 1188 und
627 1148 725 1199 ſehen
753 1149 824 1188 das
853 1149 1018 1189 Kindlein
1047 1150 1083 1189 in
1111 1149 1171 1189 der
1194 1149 1331 1200 Krippe
1357 1149 1429 1189 und
1460 1150 1613 1200 ſtimmen

200 1210 265 1249 mit
292 1210 329 1249 in
358 1210 424 1249 den
453 1209 572 1260 Jubel
601 1210 671 1249 ein:
702 1209 741 1249 O
771 1210 820 1249 du
849 1210 1017 1260 fröhliche,
1048 1211 1146 1261 ſelige
1171 1210 1476 1261 Weihnachtszeit!

693 2077 1100 2137 Neujahrswunſch.

566 2172 636 2213 Ein
664 2173 787 2213 kleines
816 2173 983 2214 Kindlein
1010 2174 1071 2214 bin
1099 2176 1155 2225 ich,

564 2245 665 2284 drum
694 2243 836 2295 wünſch'
864 2244 909 2295 ich
939 2244 1010 2295 kurz
1039 2246 1111 2285 und
1141 2248 1239 2298 innig

566 2316 618 2355 ein
647 2314 838 2365 glückliches
867 2313 1032 2364 Neujahr.
