1734 2672
654 205 710 217 —
756 182 813 226 63
863 205 919 216 —

654 182 919 226 — 63 —
535 1135 721 1195 Kaiſers
757 1134 1060 1193 Geburtstag.

188 1220 257 1262 Am
292 1224 353 1261 27.
380 1220 540 1271 Januar
576 1220 681 1271 feiern
719 1219 785 1259 wir
825 1219 893 1259 den
929 1219 1155 1269 Geburtstag
1192 1218 1314 1268 unſers
1353 1218 1508 1269 Kaiſers.

82 1284 146 1325 Da
309 1284 376 1324 wir
406 1282 462 1324 die
483 1282 619 1333 Bücher
647 1292 689 1333 zu
709 1281 832 1333 Hauſe
852 1281 926 1322 und
949 1280 1057 1332 gehen
1081 1281 1116 1321 in
1140 1280 1265 1332 unſern
1292 1279 1509 1330 Sonntags⸗
174 1284 280 1335 laſſen

81 1347 233 1388 kleidern
260 1357 321 1397 zur
342 1345 488 1396 Schule.
536 1343 612 1394 Auf
641 1344 716 1384 dem
739 1343 860 1394 Dache
888 1343 952 1383 des
975 1342 1217 1394 Schulhauſes
1246 1342 1385 1393 flattert
1413 1341 1511 1392 heute

81 1411 153 1450 eine
185 1409 311 1460 Fahne
345 1407 451 1458 luſtig
490 1408 537 1447 im
572 1405 714 1446 Winde.
779 1404 838 1446 In
872 1405 1009 1456 unſerm
1042 1405 1323 1456 Klaſſenzimmer
1360 1403 1443 1455 ſieht
1475 1415 1510 1444 es

83 1472 166 1523 auch
197 1482 285 1522 ganz
313 1470 446 1510 anders
478 1479 550 1509 aus
580 1469 636 1509 als
667 1468 767 1519 ſonſt.
810 1467 872 1508 An
901 1467 969 1507 den
1000 1466 1167 1507 Wänden
1199 1466 1273 1517 ſind
1306 1466 1512 1506 Girlanden

83 1534 156 1575 und
180 1534 284 1574 kleine
303 1532 495 1582 Fähnchen
518 1531 702 1582 befeſtigt.
752 1529 831 1580 Auf
856 1530 933 1569 dem
955 1529 1069 1579 Pulte
1090 1528 1175 1579 ſteht
1192 1528 1352 1578 zwiſchen
1374 1528 1512 1578 ſchönen

85 1596 244 1637 Blumen
271 1594 342 1635 das
374 1593 466 1633 Bild
496 1593 559 1632 des
590 1592 744 1643 Kaiſers.

194 1657 314 1697 Wenn
343 1656 411 1696 wir
440 1655 574 1705 gebetet
601 1653 724 1703 haben,
754 1653 884 1705 erzählt
909 1664 982 1693 uns
1006 1653 1103 1704 unſer
1125 1652 1256 1702 Lehrer
1275 1663 1360 1692 vom
1382 1652 1513 1702 Kaiſer.

87 1720 170 1761 Wir
198 1719 308 1771 hören
337 1717 411 1768 ihm
712 1726 760 1767 zu.
805 1715 922 1755 Dann
949 1715 1053 1766 rufen
1075 1714 1140 1754 wir
1165 1714 1234 1754 alle
1257 1714 1355 1754 laut:
1387 1713 1514 1764 „Unſer
435 1712 691 1772 aufmerkſam

86 1782 210 1833 Kaiſer
245 1781 319 1821 lebe
352 1779 454 1830 hoch!
491 1778 590 1829 hoch!
626 1777 745 1828 hoch!“
804 1776 889 1817 Wir
920 1777 1037 1828 ſingen
1066 1776 1147 1826 noch
1178 1776 1248 1816 das
1280 1775 1386 1816 Lied:
1421 1775 1514 1823 „Der

86 1844 210 1896 Kaiſer
229 1844 270 1896 iſt
290 1843 346 1883 ein
365 1841 471 1882 lieber
494 1840 646 1888 Mann“,
675 1840 746 1880 und
777 1839 878 1879 dann
908 1839 1036 1890 dürfen
1063 1839 1129 1878 wir
1152 1838 1235 1888 nach
1257 1837 1379 1889 Hauſe
1399 1836 1514 1887 gehen.

87 1924 229 1974 Hurra!
259 1921 367 1973 Heut’
396 1921 437 1972 iſt
467 1920 523 1961 ein
551 1918 669 1970 froher
697 1918 789 1969 Tag,

88 1986 153 2026 des
181 1984 328 2035 Kaiſers
358 1981 591 2033 Wiegenfeſt!

91 2047 175 2087 Wir
194 2047 313 2097 freuen
333 2055 406 2085 uns
425 2044 500 2084 und
520 2042 697 2094 wünſchen
716 2042 787 2093 ihm

90 2119 164 2150 von
193 2108 287 2148 Gott
316 2107 388 2147 das
416 2104 606 2155 Allerbeſt'.

846 1918 931 1959 Wir
952 1918 1069 1969 ſingen
1097 1917 1177 1968 froh
1202 1916 1277 1957 und
1297 1916 1402 1967 rufen
1420 1916 1512 1956 laut:

846 1981 922 2020 Der
951 1979 1075 2030 Kaiſer
1103 1979 1176 2019 lebe
1204 1978 1306 2028 hoch!

846 2042 922 2082 Der
950 2041 1038 2082 liebe
1066 2041 1159 2081 Gott
1187 2040 1320 2090 erhalte
1349 2039 1413 2089 ihn

846 2103 933 2153 recht
961 2103 1049 2143 viele
1077 2101 1200 2152 Jahre
1229 2101 1331 2151 noch!

459 2174 510 2215 Er
538 2175 578 2225 iſt
607 2175 640 2225 ſo
671 2176 742 2225 gut,
773 2186 806 2215 er
836 2174 878 2225 iſt
910 2174 944 2224 ſo
974 2173 1069 2221 mild,

458 2236 525 2276 wir
553 2235 676 2286 weih'n
699 2236 771 2286 ihm
796 2236 888 2286 Herz
913 2234 987 2275 und
1017 2234 1135 2283 Hand.

460 2297 554 2338 Gott
579 2297 674 2348 ſegne
696 2297 773 2348 ihn!
806 2298 883 2338 Der
904 2296 1028 2347 Kaiſer
1051 2295 1150 2345 hoch!

462 2358 547 2399 Und
576 2358 658 2409 hoch
687 2360 756 2399 das
785 2358 1006 2399 Vaterland!

1279 2440 1313 2466 5*
