1719 2650
666 199 714 202 —
773 178 819 213 75
875 201 926 205 —

460 279 545 328 15.
588 277 787 346 Hinaus
825 295 933 349 zum
976 282 1139 351 Spiel!

188 381 263 421 Der
290 381 412 432 Vogel
447 383 543 434 ſpielt
575 385 612 425 in
640 385 823 437 Zweigen.
880 387 936 428 Es
972 388 1067 439 ſpielt
1100 389 1160 430 der
1190 390 1285 442 Fiſch
1321 392 1368 431 im
1405 391 1513 443 Bach.

85 444 168 483 Das
197 443 396 485 Lämmlein
433 447 499 497 auf
535 447 593 488 der
626 447 754 489 Weide
788 449 871 500 geht
906 449 1030 501 ſpielen
1058 450 1141 502 Tag
1175 452 1233 503 für
1263 452 1358 504 Tag.
1415 454 1510 506 Zum

85 506 205 557 frohen
234 506 494 558 Jugendleben
524 509 664 560 gehöret
697 511 780 561 auch
817 511 888 552 das
921 512 1038 563 Spiel.
1093 513 1250 562 Hinaus,
1284 515 1421 565 hinaus
1454 518 1511 557 ins

85 569 197 618 Freie!
258 569 322 610 Da
353 571 463 621 gibt's
494 572 553 612 der
583 572 745 621 Freuden
774 574 852 614 viel.

518 733 602 781 16.
645 730 759 785 Das
801 731 1076 800 Schifflein.

397 837 431 873 1.
463 835 536 875 Ein
565 836 755 887 Schifflein
784 837 867 887 hab!
897 838 943 888 ich
973 839 1038 879 mir
1067 838 1236 890 geſchnitzt

340 907 415 936 von
444 897 592 948 leichtem
620 897 869 950 Tannenholz;

344 959 417 998 und
447 970 551 999 wenn
579 960 659 1010 auch
689 961 854 1001 niemand
886 962 1035 1002 drinnen
1063 963 1135 1013 ſitzt,

345 1020 475 1070 fährt's
505 1021 586 1071 doch
615 1022 725 1072 dahin
756 1034 820 1073 gar
850 1024 940 1074 ſtolz.

401 1129 435 1165 2.
464 1125 561 1166 Sein
586 1126 802 1178 Maſtbaum
831 1128 872 1179 iſt
902 1129 957 1169 ein
983 1129 1151 1180 Hölzchen
1176 1141 1253 1177 nur,

345 1187 416 1227 das
448 1187 563 1238 Segel
590 1200 662 1229 von
693 1189 848 1239 Papier;

345 1249 390 1298 ich
421 1249 529 1300 zieh's
557 1261 603 1290 an
633 1252 723 1291 einer
754 1252 897 1292 dünnen
928 1252 1079 1303 Schnur,

344 1322 382 1350 es
413 1312 526 1362 folget
555 1324 654 1362 gerne
682 1314 757 1354 mir.

398 1420 431 1457 3.
460 1416 529 1467 Ich
559 1418 633 1468 geh!
667 1430 724 1459 am
756 1419 898 1470 Waſſer
928 1420 1096 1471 nebenher

345 1479 416 1518 und
446 1479 509 1519 bin
537 1479 639 1520 dabei
668 1480 755 1530 recht
782 1480 875 1531 froh.

347 1539 447 1579 Was
476 1541 594 1581 wollte
621 1542 666 1591 ich
696 1543 788 1582 denn
818 1544 901 1593 auch
932 1544 1015 1594 noch
1044 1545 1164 1595 mehr?

346 1601 448 1650 Hätt’
478 1613 516 1641 es
544 1613 609 1642 nur
636 1603 727 1652 jeder
757 1604 807 1654 ſo!

535 1752 616 1802 17.
658 1751 1065 1821 Drachenſteigen.

188 1852 303 1893 Onkel
346 1854 492 1906 Rudolf
533 1856 596 1906 hat
637 1867 706 1897 uns
750 1858 846 1898 einen
887 1858 1048 1909 Drachen
1090 1860 1254 1910 gemacht.
1322 1859 1399 1910 Auf
1443 1861 1512 1901 das

85 1912 222 1965 Papier
255 1916 362 1956 malte
396 1928 432 1957 er
464 1918 547 1969 zwei
581 1918 689 1969 große
717 1919 846 1970 Augen
882 1920 955 1961 und
989 1921 1085 1962 einen
1125 1922 1343 1972 ſchrecklichen
1377 1922 1513 1963 Mund.

84 1977 156 2026 Hu,
186 1989 268 2018 was
301 1979 415 2029 macht
444 1980 543 2030 unſer
564 1980 701 2030 Drache
730 1981 783 2021 ein
812 1982 940 2022 wildes
970 1982 1110 2034 Geſicht.
1165 1983 1282 2032 Heute
1311 1984 1421 2035 gehen
1448 1985 1513 2025 wir

85 2039 219 2088 hinaus
250 2041 315 2091 auf
344 2041 399 2081 die
430 2041 555 2093 Wieſe.
613 2043 711 2082 Dort
740 2043 847 2094 laſſen
876 2045 942 2084 wir
971 2044 1031 2094 ihn
1060 2045 1194 2096 ſteigen.

190 2100 279 2143 Nun
303 2103 384 2153 lauf
409 2113 519 2153 gegen
540 2104 605 2144 den
629 2104 760 2145 Wind!
807 2105 950 2156 Schaut
974 2106 1108 2158 hinauf,
1132 2108 1200 2148 wie
1223 2107 1308 2158 hoch
1340 2119 1373 2148 er
1397 2109 1509 2159 fliegt!

86 2163 168 2204 Wie
208 2164 276 2215 ſein
314 2165 438 2215 langer
481 2164 766 2218 Papierſchwanz
808 2167 871 2217 hin
904 2168 976 2208 und
1014 2168 1073 2218 her
1107 2169 1256 2220 flattert!
1325 2169 1400 2210 Bis
1436 2181 1511 2221 zum

83 2226 237 2275 Himmel
266 2226 366 2277 ſteigt
396 2237 442 2266 er.
504 2227 553 2266 Er
582 2227 717 2277 ſchwebt
752 2240 799 2269 an
829 2229 896 2269 den
926 2229 1082 2271 Wolken.
1140 2232 1210 2272 Die
1237 2231 1368 2272 kleinen
1395 2231 1511 2283 Vögel

84 2287 237 2338 fürchten
271 2288 331 2338 ſich
366 2299 436 2328 vor
469 2288 545 2328 dem
575 2288 789 2339 Ungeheuer.
848 2291 920 2331 Die
950 2291 1077 2333 Raben
1107 2293 1247 2343 ſchreien
1276 2294 1372 2334 laut:
1407 2293 1507 2335 Rab!

83 2348 182 2390 Rab!
211 2350 284 2390 und
315 2350 446 2400 fliegen
474 2350 554 2401 eilig
583 2350 716 2392 davon.
