1728 2664
307 287 510 387 Bei
549 286 748 386 den
788 285 1285 444 Großeltern.

664 202 713 205 —
768 180 816 215 59
872 203 922 206 —

81 215 164 266 29.

88 434 360 591 Bahn,
382 435 852 590 Fahrkarte,
837 432 1177 589 zahlen,
1150 430 1497 589 fahren,

78 580 503 737 erzählen,
508 579 881 737 wählen,
890 578 1220 736 Lehrer,
1245 576 1513 733 Mehl,

1127 724 1462 883 Möhre,
806 725 1062 884 Kohl,
437 727 728 885 Mohn,
139 728 361 888 Sohn,

1118 871 1491 1029 führen.
781 873 1118 1030 Mühle,
97 877 381 1035 Huhn,
417 876 738 1030 Fuhre,

192 1109 346 1162 Ferien
374 1120 511 1149 waren
541 1109 596 1148 da.
643 1108 745 1148 Emil
775 1109 904 1159 durfte
928 1119 969 1159 zu
994 1108 1111 1158 ſeinen
1130 1107 1366 1158 Großeltern
1392 1108 1512 1159 reiſen.

88 1171 233 1221 Schnell
262 1172 352 1211 eilte
382 1182 416 1210 er
446 1181 518 1210 aus
547 1171 605 1210 der
635 1170 781 1220 Schule
809 1170 893 1220 nach
925 1169 1066 1220 Hauſe.
1107 1169 1220 1210 Alles
1249 1181 1327 1210 war
1358 1170 1513 1221 gepackt.

88 1295 163 1334 Der
182 1294 307 1334 Vater
336 1294 526 1345 bezahlte
555 1294 609 1334 die
629 1293 858 1343 Fahrkarte,
884 1294 957 1333 und
989 1294 1086 1333 dann
1114 1294 1197 1343 ging
1227 1294 1283 1333 die
1301 1293 1418 1344 Reiſe
1446 1295 1513 1335 los.

193 1356 264 1396 Die
291 1355 537 1405 Großeltern
564 1355 743 1405 wohnten
773 1356 838 1405 auf
868 1355 945 1395 dem
976 1355 1112 1405 Dorfe.
1169 1354 1244 1404 Ihr
1275 1354 1512 1406 Wohnhaus

86 1418 184 1469 ſtand
214 1419 260 1457 im
287 1418 450 1458 Garten.
497 1417 583 1466 Hier
613 1418 731 1457 baute
766 1418 826 1457 der
849 1416 1084 1466 Großvater
1109 1416 1280 1466 Bohnen
1306 1418 1379 1457 und
1406 1417 1512 1467 Kohl,

87 1479 262 1530 Möhren
290 1480 363 1519 und
395 1479 535 1529 Mohn.
576 1479 669 1529 Auch
699 1479 952 1530 Obſtbäume
981 1478 1091 1528 hatte
1119 1490 1153 1518 er
1182 1479 1385 1530 gepflanzt.
1444 1479 1513 1520 Die

87 1542 206 1592 reifen
236 1540 393 1581 Birnen
428 1540 570 1581 konnte
599 1540 705 1580 Emil
737 1540 968 1592 verzehren.
1025 1540 1099 1580 Der
1129 1540 1372 1590 Großvater
1406 1541 1512 1592 nahm

88 1603 197 1643 Emil
233 1602 315 1652 auch
355 1603 420 1642 mit
459 1603 524 1652 auf
557 1603 626 1642 das
660 1602 757 1651 Feld.
825 1602 925 1642 Dort
959 1603 1077 1653 zeigte
1112 1613 1145 1642 er
1182 1602 1254 1652 ihm
1291 1603 1359 1642 den
1394 1603 1512 1653 reifen

87 1665 255 1714 Roggen
279 1665 343 1704 mit
368 1664 436 1704 den
460 1664 594 1704 vollen
617 1656 757 1713 Ähren.
1051 1663 1165 1714 Tage
1183 1663 1315 1704 kamen
1336 1664 1511 1704 Männer
786 1663 855 1702 Am
878 1664 1028 1703 andern

88 1727 160 1766 und
196 1726 353 1776 mähten
386 1726 452 1765 mit
485 1725 597 1774 ihren
631 1725 781 1776 Senſen
816 1726 887 1765 das
918 1725 1108 1765 Getreide
1141 1726 1196 1765 ab.
1253 1726 1326 1765 Die
1356 1725 1512 1774 Frauen

88 1788 241 1828 banden
280 1787 445 1827 Garben
488 1787 561 1827 und
606 1787 745 1837 ſtellten
785 1787 827 1838 ſie
866 1788 903 1827 in
938 1786 1135 1827 Mandeln
1168 1787 1240 1838 auf.
1297 1787 1409 1827 Emil
1436 1787 1513 1838 half

87 1850 150 1889 mit
179 1849 398 1900 einfahren.
448 1849 536 1889 Das
564 1849 704 1899 machte
731 1848 803 1898 ihm
832 1850 903 1889 viel
934 1848 1093 1897 Freude.

189 1911 268 1951 Der
306 1910 546 1961 Großvater
583 1910 649 1960 ließ
679 1911 762 1950 bald
802 1910 978 1961 dreſchen.
1036 1910 1147 1950 Dann
1191 1910 1326 1961 ſchickte
1356 1922 1391 1951 er
1429 1911 1513 1951 eine

89 1973 221 2024 Fuhre
254 1972 424 2023 Roggen
458 1972 542 2022 nach
577 1973 635 2012 der
671 1972 829 2023 Mühle.
883 1972 959 2012 Der
989 1971 1143 2012 Müller
1176 1971 1285 2021 nahm
1316 1972 1428 2012 Emil
1436 1973 1512 2012 bei

89 2035 146 2074 der
185 2034 293 2083 Hand
334 2035 409 2074 und
447 2035 572 2085 zeigte
608 2034 688 2084 ihm,
723 2035 789 2074 wie
827 2035 898 2074 das
932 2034 1037 2074 Korn
1071 2045 1111 2084 zu
1146 2033 1256 2085 Mehl
1291 2034 1513 2085 zermahlen

88 2097 231 2136 wurde.

196 2158 306 2197 Emil
335 2158 453 2208 gefiel
482 2169 520 2197 es
550 2158 619 2208 ſehr
649 2159 711 2208 gut
744 2158 809 2209 auf
839 2158 917 2198 dem
947 2157 1085 2208 Dorfe.
1137 2157 1245 2198 Aber
1276 2158 1332 2198 die
1362 2157 1512 2207 Ferien

89 2230 221 2259 waren
255 2219 341 2259 bald
372 2229 414 2270 zu
444 2218 568 2259 Ende.
623 2219 671 2259 Er
699 2220 832 2270 mußte
860 2218 989 2270 zurück
1016 2230 1057 2270 zu
1085 2219 1207 2270 ſeinen
1237 2219 1390 2259 Eltern.
1443 2219 1511 2259 Als

89 2292 122 2321 er
151 2281 249 2321 dann
277 2281 421 2321 wieder
449 2291 509 2331 zur
541 2280 688 2330 Schule
714 2281 801 2329 kam,
833 2280 1011 2332 erzählte
1040 2292 1072 2321 er
1102 2281 1234 2331 ſeinem
1265 2280 1419 2332 Lehrer,
1447 2282 1512 2321 wie

91 2342 186 2392 ſchön
214 2354 252 2382 es
282 2342 348 2392 auf
377 2342 455 2382 dem
488 2341 630 2382 Lande
660 2343 836 2393 geweſen
864 2353 952 2382 war.

88 1233 158 1271 Die
184 1232 419 1281 Elektriſche
450 1232 598 1281 brachte
627 1231 687 1280 ihn
715 1233 778 1270 mit
808 1232 876 1270 den
902 1231 1038 1270 Eltern
1066 1231 1146 1280 nach
1280 1231 1511 1282 Bahnhofe.
1177 1232 1252 1270 dem
