1720 2645
781 186 839 196 —
884 162 942 205 54
986 183 1040 195 —

202 203 287 252 24.

1137 269 1323 340 äu
923 273 1091 341 eu
776 273 892 341 ü
645 273 730 342 ö
508 274 629 343 ä

203 391 586 551 schlafen,
616 389 941 548 Schläfer,
957 389 1282 546 tanzen,
1307 387 1605 546 Tänzer,

1268 535 1604 689 Läufer,
914 536 1247 694 laufen,
566 537 901 695 Käufer,
203 539 526 648 kaufen,

206 687 602 849 Schäfchen,
644 684 1160 831 Brüderchen,
1191 682 1607 844 Häuschen,

1117 832 1611 931 Blümlein.
671 836 1099 939 Körnlein,
208 837 648 993 Bächlein,

571 1124 666 1183 Auf
701 1124 798 1171 dem
832 1122 1242 1182 Wochenmarkte.

309 1221 442 1262 Berta
487 1232 562 1260 war
609 1221 730 1270 heute
775 1222 839 1260 mit
885 1220 944 1259 der
990 1219 1154 1259 Mutter
1200 1220 1265 1270 auf
1312 1220 1385 1259 dem
1429 1218 1613 1268 Wochen⸗

198 1300 349 1341 markte.
417 1300 480 1340 Da
515 1310 652 1339 waren
694 1299 793 1339 viele
833 1297 980 1339 Buden
1021 1299 1057 1338 in
1094 1297 1250 1347 Reihen
1293 1297 1612 1349 aufgeſchlagen.

199 1380 276 1429 Für
311 1378 440 1418 Berta
473 1378 542 1428 gab
579 1389 617 1418 es
650 1378 721 1418 viel
752 1388 793 1429 zu
832 1377 948 1428 ſehen.
1017 1376 1193 1417 Männer
1231 1377 1303 1417 und
1344 1377 1497 1426 Frauen
1536 1388 1610 1417 ver⸗

197 1458 367 1510 kauften:
407 1456 549 1497 Butter
584 1456 657 1496 und
689 1456 807 1507 Käſe,
844 1456 970 1496 Enten
998 1456 1069 1495 und
1100 1455 1241 1506 Gänſe,
1274 1448 1392 1506 Äpfel
1424 1456 1496 1495 und
1527 1455 1611 1495 Bir⸗

197 1548 273 1585 nen,
306 1535 538 1587 Kartoffeln
570 1535 642 1575 und
678 1534 831 1584 Rüben,
868 1534 1082 1585 Bäumchen
1102 1535 1139 1574 in
1172 1534 1338 1585 Töpfen,
1371 1534 1506 1585 Gläſer
1535 1535 1607 1575 und

196 1615 339 1667 Näpfe,
373 1615 500 1655 lauter
535 1614 663 1665 schöne
697 1613 862 1664 Sachen.
928 1594 1040 1654 Viele
1068 1614 1225 1664 Käufer
1258 1625 1388 1654 waren
1423 1613 1517 1664 ſchon
1552 1614 1609 1654 da.

198 1694 300 1734 Eine
329 1693 507 1743 Hökerin
534 1693 612 1744 rief:
656 1693 839 1743 „Kaufen
869 1693 947 1740 Sie,
975 1693 1096 1732 meine
1125 1692 1329 1742 Gnädige,
1357 1692 1493 1743 kaufen
1527 1692 1608 1740 Sie,

196 1773 298 1813 liebe
319 1772 435 1822 Frau!
473 1771 592 1821 Feine
623 1771 713 1811 Wa⸗

196 1862 244 1899 re,
290 1852 388 1902 gute
431 1850 595 1890 Ware!“
648 1851 713 1890 Da

197 1930 326 1981 kaufte
354 1930 409 1970 die
439 1929 594 1970 Mutter
625 1929 711 1980 ſchö⸗

196 2019 259 2049 nes
305 2008 402 2060 Obſt
450 2008 522 2048 und
562 2008 711 2059 friſches

193 2087 388 2138 Gemüſe.
457 2086 583 2127 Berta
624 2087 710 2137 trug

195 2165 294 2206 dann
340 2166 443 2206 alles
503 2166 539 2206 in
587 2165 710 2216 ihrem

194 2244 393 2294 Körbchen
425 2245 506 2295 nach
535 2244 676 2295 Hauſe.
