1728 2670
855 202 916 214 —

648 201 704 213 —
753 180 809 224 79

512 290 597 339 25.
642 288 755 342 Das
795 287 1053 357 Luftſchiff.

176 417 274 458 Was
304 418 346 470 iſt
375 419 467 460 denn
495 420 564 460 das
593 420 641 460 da
671 420 761 460 oben
790 430 848 460 am
877 419 1054 470 Himmel?
1105 419 1283 468 Edmund,
1315 419 1492 468 Edmund,

72 496 177 538 komm
207 498 279 538 und
312 498 425 549 ſhau!
479 500 541 540 Da
571 499 753 551 ſchwimmt
781 500 819 550 ja
849 500 904 540 ein
932 499 1119 550 Zeppelin!
1171 498 1256 539 Wie
1284 499 1340 539 ein
1369 499 1492 550 großer

74 576 165 628 Fiſch
186 577 227 628 iſt
247 589 280 618 er
301 579 502 630 anzuſehen.
529 579 615 620 Nun
634 579 715 630 hebt

73 667 105 696 er
122 656 205 707 ſeine
220 656 314 709 Naſe
328 659 402 699 und
420 659 519 710 ſteigt
534 660 587 700 ein
601 660 715 709 wenig

73 735 188 786 höher.
235 736 323 778 Nun
349 738 533 789 ſchwimmt
557 750 589 779 er
617 739 717 789 lang⸗

74 815 143 866 ſam
167 816 257 856 rund
283 817 414 867 herum.
457 818 540 868 Hei!
563 819 628 859 wie
648 818 718 858 das

74 894 255 946 Luftſchiff
282 897 423 947 machen
447 897 544 946 kann,
572 909 653 938 was
680 909 718 938 es

73 976 162 1015 will!
210 976 317 1017 Vorn
348 977 422 1017 und
456 978 577 1027 hinten
607 979 721 1029 hängt

74 1054 155 1104 auch
186 1055 258 1095 eine
287 1055 441 1096 Gondel.
495 1057 614 1097 Darin
647 1057 719 1108 ſind

76 1132 182 1173 Leute
202 1134 274 1174 und
297 1135 484 1185 ſchwenken
503 1136 575 1186 ihre
589 1137 722 1187 weißen

75 1212 227 1262 Mützen.
287 1213 372 1264 Ach,
406 1214 529 1255 könnte
562 1216 606 1266 ich
637 1216 719 1266 doch

74 1292 201 1332 einmal
234 1293 271 1332 in
305 1293 414 1333 einem
444 1294 617 1345 Zeppelin
644 1295 721 1335 mit⸗

74 1371 215 1421 fliegen!

204 1673 290 1722 26.
339 1670 505 1726 Wenn
543 1670 617 1726 die
657 1672 840 1741 Straße
880 1672 1191 1742 ausgebeſſert
1229 1673 1366 1729 wird.

180 1801 257 1852 Auf
290 1802 357 1841 den
388 1801 555 1852 Straßen
583 1803 693 1853 ſtehen
721 1803 846 1854 Keſſel,
884 1805 1001 1845 worin
1035 1805 1169 1845 braune
1199 1804 1294 1845 Erde
1332 1806 1497 1855 gebraten

75 1881 174 1927 wird.
232 1880 303 1920 Sie
334 1881 502 1931 qualmen
530 1882 601 1922 und
632 1882 784 1933 dunſten,
822 1882 895 1933 daß
925 1894 1009 1924 man
1038 1894 1102 1934 gar
1131 1884 1219 1934 nicht
1249 1895 1334 1934 gern
1362 1884 1496 1925 vorbei⸗

77 1959 165 2010 geht.
228 1959 291 1999 Da
323 1960 409 2010 muß
442 1971 528 2001 man
562 1961 626 2012 auf
658 1961 724 2001 den
759 1961 874 2002 Wind
910 1962 1107 2012 achtgeben,
1144 1963 1258 2003 damit
1292 1973 1379 2002 man
1413 1962 1499 2012 nicht

76 2038 141 2078 den
179 2038 302 2088 Rauch
345 2039 404 2078 ins
445 2039 578 2090 Geſicht
618 2039 731 2091 kriegt.
800 2040 915 2081 Dann
958 2040 1103 2092 ſchütten
1144 2041 1200 2081 die
1240 2040 1403 2081 Arbeiter
1444 2041 1498 2081 die

75 2116 172 2168 heiße
202 2116 298 2157 Erde
327 2117 393 2168 auf
422 2117 478 2158 die
508 2118 657 2169 Straße,
686 2119 759 2160 und
790 2120 920 2160 andere
949 2119 1084 2171 klopfen
1113 2120 1156 2171 ſie
1185 2131 1273 2171 ganz
1301 2120 1373 2171 feſt.
1429 2120 1499 2160 Die

77 2195 179 2246 Eiſen
208 2196 298 2247 dazu
328 2195 447 2246 haben
479 2196 521 2247 ſie
550 2197 610 2248 erſt
642 2198 720 2249 heiß
756 2198 918 2249 gemaht.
976 2199 1088 2239 Dann
1120 2198 1277 2249 dauert's
1312 2209 1378 2248 gar
1413 2198 1499 2249 nicht

75 2274 190 2325 lange,
233 2274 266 2325 ſo
304 2274 394 2315 kann
429 2286 516 2315 man
552 2276 677 2317 wieder
715 2278 779 2328 auf
819 2278 879 2318 der
917 2277 1057 2327 Straße
1098 2278 1213 2329 gehen.
1277 2276 1363 2317 Und
1405 2277 1499 2328 ſchön

76 2354 165 2403 glatt
193 2353 234 2404 iſt
264 2353 307 2404 ſie
337 2354 536 2404 geworden,
564 2355 633 2395 viel
662 2355 792 2406 ſchöner
822 2357 881 2396 als
911 2356 984 2396 eine
1014 2356 1238 2407 gepflaſterte.

1256 2444 1288 2468 6*
