1734 2664
669 210 717 213 —
773 187 821 223 33
878 210 926 213 —

91 269 135 319 3.

221 376 371 412 a
426 323 557 414 A
583 353 730 414 ä
800 291 921 417 Ä
946 346 1133 417 au
1194 321 1373 421 Au

264 536 306 598 a
437 515 511 599 A
634 516 676 599 ä
801 497 875 599 Ä
992 537 1084 601 au
1206 516 1328 602 Au

90 664 276 721 Adam
397 664 577 720 Alma
815 664 1017 721 Anton
1286 665 1470 722 Artur

90 761 251 830 Aſche
397 761 559 817 Ader
814 761 1007 830 Amſel
1285 762 1515 832 Ameiſe

91 857 258 927 Apfel
396 845 576 928 Äpfel
815 858 1175 927 Apfelbaum
1286 859 1490 915 Arbeit

92 954 217 1010 Arm
396 942 601 1010 Ärmel
813 954 905 1023 Aſt
1286 944 1426 1025 Äſte

91 1051 253 1119 Auge
399 1051 679 1120 Aufgabe
816 1051 1035 1122 Auguſt
1287 1053 1448 1109 Auto

632 1192 740 1248 Der
778 1192 973 1260 Apfel.

92 1306 298 1362 Anton:
343 1306 528 1374 Artur,
571 1307 631 1375 ich
670 1305 808 1375 habe
848 1306 1005 1361 einen
1045 1306 1219 1375 Apfel.

92 1403 276 1458 Artur:
339 1402 448 1471 Ach,
601 1403 656 1472 iſt
689 1403 806 1472 fein;
845 1417 941 1458 wer
971 1402 1063 1471 gab
1095 1403 1169 1458 dir
1199 1403 1289 1458 den
1318 1404 1517 1472 Apfel?
489 1403 569 1457 der

93 1500 297 1555 Anton:
340 1500 454 1554 Den
494 1500 585 1568 gab
624 1500 715 1554 mir
752 1500 906 1568 unſer
946 1500 1141 1556 Oskar.

93 1596 279 1651 Artur:
340 1596 441 1663 Du,
482 1596 575 1650 den
612 1596 772 1651 teilen
811 1596 900 1651 wir
939 1610 1050 1651 uns.

94 1692 300 1748 Anton:
344 1694 429 1748 Da
467 1692 571 1761 haſt
608 1692 670 1747 du
709 1693 864 1748 einen
901 1692 1095 1761 halben
1135 1693 1311 1761 Apfel.
1372 1692 1517 1749 Aber

342 1788 483 1857 achte
524 1789 607 1856 auf
644 1789 718 1844 die
757 1789 1107 1858 Apfelkerne!
