1712 2648
790 174 1034 211 Inhaltsüberſicht.

191 185 235 218 IV

191 265 231 286 Nr.
837 254 900 276 Seite

196 303 245 332 18.
269 297 533 339 *Schlummerlied.
577 295 692 335 (Albert
710 294 831 333 Sergel)
858 295 898 323 76

196 347 246 376 19.
272 344 345 375 *Am
362 342 471 374 Abend.
512 341 589 379 (Des
602 339 726 370 Knaben
740 338 833 369 Wun⸗

859 384 898 411 76
826 407 831 412 .
794 409 798 413 .
763 407 767 412 .
731 408 735 412 .
698 408 703 412 .
666 408 670 413 .
633 409 638 413 .
600 409 605 414 .
569 410 574 414 .
537 410 542 415 .
507 411 511 415 .
474 411 477 415 .
273 388 405 426 derhorn)
443 412 448 416 .

195 436 247 466 20.
271 431 478 471 *Abendgebet.
527 428 680 468 (Wilhelm
828 452 833 457 .
860 429 900 457 76
706 428 781 465 Hey)
795 452 799 457 .

947 1904 986 1924 Nr.
1583 1893 1638 1914 Seite

947 1944 976 1972 3.
1002 1942 1067 1970 Der
1103 1940 1185 1969 süße
1223 1938 1308 1968 Brei.
1371 1933 1511 1975 (Brüder

1004 1984 1144 2020 Grimm)
1167 2008 1171 2013 .
1200 2006 1205 2012 .
1234 2006 1240 2012 .
1269 2007 1273 2011 .
1300 2005 1306 2010 .
1334 2004 1339 2010 .
1400 2003 1406 2009 .
1366 2004 1371 2010 .
1434 2003 1439 2008 .
1466 2002 1472 2008 .
1499 2002 1504 2007 .
1533 2000 1538 2006 .
1601 1978 1638 2005 96
1568 2001 1572 2006 .

948 2033 977 2061 4.
1004 2031 1150 2069 Sprüche
1177 2029 1227 2058 für
1253 2027 1375 2057 Kinder
1601 2022 1639 2050 96
1570 2046 1574 2051 .
1535 2046 1541 2051 .
1501 2047 1506 2052 .
1467 2047 1472 2053 .
1400 2048 1406 2054 .
1434 2048 1439 2053 .

218 1912 256 1932 Ne.
861 1905 919 1925 Seite

224 1953 249 1980 1.
276 1950 342 1979 Das
360 1949 467 1978 kleine
486 1947 655 1985 Alphabet.
697 1946 795 1975 Lese-

877 1990 918 2017 93
845 2013 849 2018 .
812 2013 816 2018 .
777 2013 783 2019 .
743 2013 749 2019 .
710 2014 715 2019 .
675 2014 681 2019 .
642 2014 647 2020 .
607 2015 612 2020 .
574 2015 579 2020 .
540 2015 545 2021 .
508 2016 512 2021 .
473 2016 478 2021 .
277 1995 430 2031 übungen
442 2016 447 2022 .

221 2042 252 2070 2.
278 2040 345 2069 Das
367 2039 466 2077 große
484 2037 656 2075 Alphabet.
696 2036 795 2065 Lese-

276 2085 440 2122 übungen.
475 2081 683 2112 Kinderreim
711 2103 717 2110 .
745 2104 751 2109 .
777 2103 783 2110 .
811 2080 919 2116 94,95

615 1839 685 1870 Die
710 1836 935 1869 lateinische
961 1832 1241 1865 Druckschrift.

840 1746 1017 1786 Anhang.

284 1493 340 1526 Im
363 1489 498 1533 Wechſel
520 1491 574 1524 der
596 1489 831 1529 Jahreszeiten.

213 1554 263 1583 32.
289 1549 451 1588 *Frühling.
711 1572 716 1578 .
835 1571 841 1577 .
866 1548 905 1576 83
804 1571 808 1576 .
772 1571 777 1576 .
742 1572 747 1576 .
492 1548 659 1586 (Volkslied)
679 1572 684 1577 .

214 1598 264 1627 33.
289 1595 371 1626 *Das
401 1593 518 1632 Oſterei.
564 1592 736 1631 (Hoffmann
764 1600 820 1621 von

291 1638 499 1677 Fallersleben)
869 1636 909 1665 83
838 1660 843 1664 .
806 1660 811 1665 .
774 1661 779 1665 .
744 1661 748 1665 .
713 1661 717 1666 .
681 1661 685 1666 .
650 1661 654 1666 .
618 1661 623 1666 .
587 1662 591 1666 .
525 1662 529 1667 .
555 1662 560 1666 .

198 572 250 600 21.
276 568 344 600 Wie
369 576 401 598 es
427 567 475 605 auf
498 566 545 596 der
572 564 684 603 Straße
714 563 836 602 hergeht.

279 612 365 651 (Karl
377 611 504 650 Eckhardt
520 610 576 641 und
593 609 683 648 Adolf
695 608 836 646 Lüllwitz)
863 609 899 637 77

199 660 251 689 22.
276 657 432 696 †Hinterm
465 655 694 693 Sprengwagen.
752 652 837 690 (Otto

281 700 424 739 Günther)
865 698 902 726 77
831 721 836 726 .
798 721 803 726 .
766 721 771 726 .
735 722 740 726 .
701 722 706 727 .
668 722 673 727 .
635 723 640 727 .
603 723 608 728 .
572 723 577 728 .
541 724 545 728 .
510 724 515 728 .
478 724 483 729 .
446 725 451 729 .

201 748 253 777 23.
279 746 347 776 Das
362 744 450 783 Spiel
466 744 516 782 auf
531 743 579 774 der
593 742 716 780 Straße.
746 740 839 780 (Arno

866 786 905 814 78
834 809 839 814 .
802 810 807 815 .
771 810 775 815 .
740 810 744 815 .
707 811 713 815 .
643 811 647 816 .
675 811 679 815 .
610 812 615 816 .
579 812 584 816 .
546 812 551 817 .
515 812 519 817 .
483 813 488 817 .
450 813 455 818 .
282 789 385 828 Fuchs)
418 813 423 818 .

203 837 254 866 24.
281 834 356 865 Was
397 833 473 872 jedes
513 832 590 863 Kind
629 831 725 869 wiſſen
763 829 841 868 muß.

283 878 449 917 (Reimann,
474 876 665 915 Splettſtößer
689 884 718 905 u.
740 874 842 913 Wolff,

868 920 907 948 78
286 922 499 960 Übungsſtoffe)
516 946 520 950 .
545 946 549 950 .
577 946 581 950 .
609 945 614 950 .
642 945 647 950 .
675 944 681 950 .
709 944 714 949 .
741 944 745 948 .
772 944 777 948 .
804 943 809 948 .
835 943 840 948 .

205 970 257 999 25.
282 967 373 1006 †Das
406 965 552 1005 Luftſchiff.
603 964 690 1003 (Karl
716 963 843 1002 Eckhardt

285 1011 342 1042 und
368 1010 456 1049 Adolf
479 1009 617 1048 Lüllwitz)
868 1008 906 1037 79
836 1032 840 1037 .
804 1032 808 1037 .
772 1032 776 1037 .
742 1033 746 1037 .
710 1033 714 1038 .
677 1033 682 1038 .
645 1034 649 1039 .

208 1059 259 1087 26.
285 1056 381 1087 Wenn
389 1055 434 1086 die
444 1054 553 1093 Straße
563 1053 750 1093 ausgebeſſert
763 1052 841 1083 wird.

288 1100 455 1139 (Johannes
868 1098 907 1126 79
679 1123 683 1127 .
647 1123 652 1127 .
479 1098 605 1135 Kühnel)
613 1123 618 1127 .
711 1122 716 1127 .
743 1122 748 1126 .
773 1122 778 1126 .
805 1121 810 1126 .
836 1121 841 1126 .

209 1148 261 1177 27.
287 1144 348 1175 Vor
360 1145 424 1175 dem
436 1143 600 1183 Fiſchladen.
619 1143 666 1181 (F.
676 1141 842 1180 Gansberg)
868 1142 908 1172 80

210 1191 261 1221 28.
287 1188 474 1227 *Markthalle
492 1187 547 1218 und
565 1187 669 1218 Markt.
700 1186 841 1225 (Heinrich

866 1231 906 1260 80
835 1254 839 1259 .
804 1254 808 1259 .
772 1255 776 1259 .
741 1255 746 1260 .
711 1256 715 1260 .
678 1255 683 1260 .
647 1256 651 1261 .
615 1256 619 1261 .
584 1256 589 1261 .
553 1257 557 1261 .
522 1257 526 1261 .
491 1257 496 1262 .
460 1257 464 1262 .
291 1233 406 1270 Seide)
429 1257 434 1262 .

211 1280 262 1310 29.
288 1278 346 1309 Die
371 1276 585 1315 Straßenbahn.
618 1275 693 1314 (Ilſe
715 1275 841 1313 Frapan)
867 1275 904 1304 81

212 1325 262 1354 30.
290 1322 406 1360 Spielet
418 1321 485 1360 nicht
498 1321 547 1351 mit
561 1320 665 1358 Feuer!
699 1318 842 1358 (Zentral⸗

866 1364 906 1393 82
835 1387 840 1392 .
804 1388 808 1392 .
772 1388 776 1392 .
741 1388 746 1392 .
710 1388 714 1393 .
678 1388 683 1393 .
647 1389 651 1393 .
614 1389 618 1393 .
583 1389 588 1394 .
552 1389 557 1394 .
521 1390 526 1394 .
490 1390 495 1394 .
459 1390 463 1395 .
428 1391 433 1395 .
290 1367 370 1404 blatt)
398 1391 402 1395 .

213 1414 263 1443 31.
289 1412 323 1442 *3
341 1410 445 1448 Rätſel.
477 1409 626 1448 (Friedrich
865 1408 904 1437 82
834 1431 838 1436 .
802 1431 807 1436 .
770 1432 774 1436 .
645 1408 729 1445 Güll)
740 1432 744 1436 .

417 509 465 542 In
488 509 542 541 der
567 507 680 540 Stadt.

929 253 967 275 Nr.
1561 247 1623 269 Seite

930 293 980 322 34.
1005 290 1066 320 Der
1078 288 1172 326 April,
1185 287 1229 318 ein
1241 286 1439 326 Spaßmacher.
1456 286 1556 324 (Hein⸗

1008 334 1057 373 rich
1582 331 1623 360 83
1550 355 1555 360 .
1518 355 1523 360 .
1487 356 1491 360 .
1457 356 1461 360 .
1427 356 1431 361 .
1366 356 1371 361 .
1397 356 1401 360 .
1084 332 1317 371 Scharrelmann)
1336 355 1341 360 .

931 381 981 411 35.
1004 377 1224 417 *Schwälblein.
1237 375 1370 415 (Wolrad
1378 375 1557 415 Eigenbrodt)
1583 375 1623 404 84

932 426 983 455 36.
1583 420 1623 449 84
1008 422 1120 460 *Rätſel
1149 447 1154 451 .
1182 447 1186 451 .
1212 446 1217 451 .
1244 446 1249 450 .
1276 446 1281 450 .
1307 446 1311 450 .
1337 445 1341 450 .
1367 445 1371 450 .
1398 445 1403 450 .
1429 445 1434 450 .
1460 445 1465 449 .
1491 444 1495 449 .
1522 443 1526 448 .
1552 443 1557 448 .

933 471 982 500 37.
1007 468 1085 498 *Der
1094 465 1275 505 Gockelhahn.
1308 465 1413 504 (Georg
1422 463 1559 503 Chriſtian

1584 509 1624 537 84
1010 511 1202 550 Dieffenbach)
1214 535 1219 540 .
1244 535 1249 540 .
1276 535 1281 539 .
1306 536 1310 540 .
1339 534 1343 539 .
1369 534 1373 539 .
1400 534 1404 539 .
1431 534 1435 538 .
1461 534 1466 538 .
1490 534 1495 538 .
1521 533 1526 538 .
1553 533 1557 537 .

934 559 983 588 38.
1007 557 1090 587 *Das
1108 556 1236 594 Entchen.
1265 554 1430 593 (Johannes
1439 553 1559 591 Trojan)
1585 553 1625 582 85

935 603 985 633 39.
1009 601 1108 638 *Rate,
1134 609 1195 630 was
1222 600 1276 630 das
1305 599 1341 637 iſt.
1381 598 1458 637 (Aus
1480 597 1560 637 Fritz'

1014 648 1041 676 1.
1585 642 1625 671 85
1058 645 1202 682 Leſebuch)
1214 669 1218 673 .
1246 668 1250 673 .
1278 668 1282 673 .
1308 668 1312 673 .
1338 668 1342 672 .
1368 668 1372 672 .
1397 668 1402 672 .
1428 667 1433 672 .
1459 667 1463 671 .
1489 667 1494 671 .
1553 666 1557 671 .
1521 667 1525 671 .

936 693 984 722 40.
1010 690 1101 729 *Zum
1115 689 1270 728 Abzählen.
1296 690 1336 726 (1.
1349 688 1418 718 Karl
1429 687 1558 724 Simrock,

1013 737 1040 765 2.
1058 733 1245 771 Volksmund)
1585 731 1624 760 85
1554 755 1559 760 .
1524 756 1528 760 .
1493 756 1498 761 .
1463 756 1467 761 .
1433 757 1438 761 .
1401 757 1406 761 .
1370 757 1375 762 .
1340 757 1345 762 .
1309 757 1314 762 .
1278 758 1283 762 .

937 782 986 811 41.
1010 778 1272 819 Zungenübungen.
1337 777 1384 815 (K.
1417 776 1559 807 Simrocks

1013 824 1160 863 Deutſches
1181 821 1352 860 Kinderbuch
1373 821 1429 852 und
1451 821 1490 851 O.
1509 819 1555 850 M.

1014 868 1124 906 Seidel,
1150 867 1237 905 Spiel
1255 867 1310 897 und
1548 889 1555 895 .
1582 865 1622 894 85
1517 889 1522 894 .
1486 889 1491 895 .
1329 866 1441 904 Scherz)
1456 890 1461 894 .

938 920 986 949 42.
1011 917 1079 949 *Im
1098 917 1243 947 Sommer.
1276 914 1454 953 (Chemnitzer
1465 913 1556 951 Fibel)
1583 913 1625 943 86

938 965 986 993 43.
1012 962 1068 993 Die
1092 961 1174 999 Roſe.
1206 959 1298 998 (Emil
1551 981 1557 987 .
1583 958 1624 987 86
1520 982 1525 987 .
1489 982 1493 987 .
1314 958 1439 995 Martin)
1458 983 1463 987 .

938 1009 986 1038 44.
1010 1006 1083 1037 *Die
1118 1005 1202 1036 kleine
1240 1003 1400 1034 Gärtnerin.
1451 1002 1558 1040 (Georg

1014 1050 1152 1089 Chriſtian
1395 1072 1400 1078 .
1487 1071 1493 1076 .
1518 1071 1524 1076 .
1550 1070 1555 1076 .
1583 1046 1624 1075 86
1426 1071 1431 1076 .
1457 1071 1461 1076 .
1170 1048 1359 1086 Dieffenbach)
1364 1072 1368 1077 .

938 1098 987 1127 45.
1012 1096 1072 1126 Der
1097 1094 1200 1132 Froſch.
1248 1092 1425 1131 (Chemnitzer
1583 1091 1622 1120 87
1449 1091 1540 1128 Fibel)
1552 1115 1557 1119 .

939 1144 988 1171 46.
1013 1139 1210 1177 Rotkäppchen.
1244 1137 1369 1175 (Brüder
1555 1159 1561 1165 .
1586 1135 1624 1164 87
1387 1135 1508 1172 Grimm)
1523 1159 1528 1164 .

937 1188 986 1216 47.
1011 1184 1102 1214 *Kind
1124 1183 1180 1213 und
1203 1181 1360 1221 Schwalbe.
1396 1179 1560 1218 (Johannes

1585 1223 1625 1251 88
1552 1247 1557 1252 .
1521 1247 1525 1252 .
1490 1248 1494 1252 .
1430 1248 1434 1253 .
1460 1248 1464 1253 .
1399 1249 1403 1253 .
1368 1249 1372 1253 .
1338 1249 1342 1254 .
1308 1250 1313 1254 .
1278 1250 1283 1254 .
1246 1250 1251 1254 .
1214 1251 1218 1255 .
1183 1251 1188 1255 .
1013 1228 1132 1265 Trojan)
1152 1251 1157 1256 .

937 1275 986 1304 48.
1010 1271 1152 1311 *Häslein
1168 1271 1206 1301 im
1223 1268 1447 1307 Mondenſchein.
1483 1267 1561 1305 (Aus

1015 1316 1167 1355 Gansberg
1191 1314 1268 1353 „Bei
1290 1322 1344 1344 uns
1366 1322 1399 1352 zu
1423 1312 1536 1351 Haus")
1554 1335 1561 1342 .
1587 1311 1627 1341 89

936 1364 985 1393 49.
1011 1360 1109 1392 Nebel.
1157 1359 1231 1397 (Ilſe
1253 1358 1377 1396 Frapan)
1399 1381 1405 1386 .
1585 1355 1626 1384 89
1553 1379 1558 1384 .
1522 1379 1527 1384 .
1491 1380 1495 1384 .
1429 1380 1434 1385 .
1460 1380 1465 1385 .

935 1408 983 1437 50.
1009 1405 1060 1444 †O
1078 1404 1131 1435 wie
1148 1403 1200 1434 kalt
1215 1403 1247 1440 iſt
1265 1411 1295 1433 es
1308 1401 1399 1440 heute!
1418 1399 1559 1438 (Heinrich

1012 1448 1245 1488 Scharrelmann)
1587 1444 1628 1473 90
1276 1471 1280 1476 .
1306 1471 1310 1475 .
1337 1471 1341 1475 .
1367 1470 1372 1475 .
1398 1470 1403 1474 .
1430 1469 1434 1474 .
1460 1469 1465 1474 .
1491 1469 1496 1473 .
1554 1468 1558 1473 .
1523 1469 1527 1473 .

935 1501 984 1531 51.
1009 1498 1087 1528 *Der
1102 1497 1309 1536 Schneemann.
1326 1493 1472 1533 (Wilhelm
1484 1493 1560 1531 Hey)
1587 1493 1625 1522 91

936 1546 985 1575 52.
1010 1542 1122 1573 *Wenn
1147 1550 1178 1572 es
1203 1540 1292 1579 friert.
1331 1538 1495 1577 (Johannes

1591 1582 1628 1611 91
1558 1605 1563 1610 .
1528 1606 1532 1610 .
1497 1606 1502 1611 .
1466 1607 1471 1612 .
1437 1607 1441 1612 .
1405 1607 1410 1612 .
1375 1608 1379 1612 .
1345 1608 1349 1613 .
1314 1609 1318 1613 .
1283 1609 1287 1614 .
1252 1610 1256 1614 .
1220 1610 1224 1614 .
1188 1610 1192 1614 .
1013 1587 1135 1625 Trojan)
1156 1611 1161 1615 .

939 1635 990 1664 53.
1014 1631 1073 1663 Die
1091 1630 1267 1662 Sterntaler.
1302 1628 1426 1666 (Brüder
1440 1626 1560 1663 Grimm)
1587 1626 1627 1655 92
