1738 2670
269 281 366 436 s
394 282 745 436 reisen,
823 280 945 436 ß
973 281 1359 435 reißen.
350 354 388 364 -
933 354 970 362 -

689 193 747 206 —
792 172 849 216 55
897 194 955 206 —

97 214 180 263 25.

517 1273 605 1321 Ein
637 1272 790 1320 kalter
824 1272 1129 1329 Wintertag.

218 1362 412 1412 Draußen
454 1362 618 1412 brauſen
660 1361 760 1401 kalte
802 1359 961 1400 Winde.
1024 1360 1093 1399 Die
1135 1358 1337 1409 Menſchen
1376 1359 1441 1409 auf
1480 1358 1538 1397 der

111 1425 265 1476 Straße
298 1424 527 1464 bekommen
556 1423 592 1462 in
620 1423 680 1462 der
708 1423 830 1462 Kälte
859 1422 950 1461 rote
979 1420 1118 1470 Naſen.
1161 1420 1232 1460 Sie
1262 1420 1386 1471 gehen
1416 1419 1539 1469 ſchnell,

113 1499 173 1528 um
201 1487 290 1537 raſch
320 1486 404 1535 nach
426 1485 560 1536 Hauſe
587 1495 627 1535 zu
655 1484 832 1524 kommen.
881 1483 1002 1523 Wenn
1083 1482 1275 1533 verreiſen
1303 1481 1454 1532 müſſen,
1481 1481 1540 1532 zie⸗
1023 1483 1064 1532 ſie

113 1549 181 1599 hen
215 1549 258 1600 ſie
288 1548 406 1598 Pelze
440 1558 497 1587 an.
553 1547 622 1586 Die
651 1546 798 1586 Kinder
832 1545 932 1585 aber
965 1544 1114 1584 bleiben
1142 1543 1259 1593 heute
1287 1543 1335 1583 im
1365 1542 1542 1593 Zimmer.

115 1611 187 1651 Sie
217 1610 308 1661 ſitzen
338 1620 423 1659 gern
453 1619 512 1648 am
542 1618 708 1648 warmen
735 1607 848 1658 Ofen
879 1607 953 1647 und
984 1606 1084 1657 leſen
1113 1606 1167 1646 ein
1196 1605 1347 1656 ſchönes
1378 1603 1489 1653 Buch.

673 1768 698 1802 s
731 1755 745 1814 ſ
780 1783 837 1787 —
875 1754 900 1812 ß
938 1754 984 1812 ſſ.

223 1850 257 1885 1.
291 1846 377 1885 Das
408 1844 531 1893 Haus,
562 1843 616 1883 die
643 1843 792 1893 Häuſer
822 1866 872 1870 —
902 1842 958 1882 die
987 1840 1123 1889 Maus,
1152 1840 1207 1880 die
1236 1840 1396 1890 Mäuſe,

288 1908 347 1947 der
377 1906 495 1958 Haſe,
527 1905 596 1945 das
625 1904 799 1955 Häschen
828 1928 879 1932 —
910 1904 965 1944 die
995 1902 1141 1953 Gläſer,
1170 1902 1240 1942 das
1270 1901 1471 1950 Gläschen,

291 1970 334 2020 ſie
362 1968 472 2019 leſen,
502 1968 549 2018 ich
581 1968 638 2007 las
669 1990 717 1993 —
745 1967 812 2006 wir
839 1965 989 2016 blieſen,
1019 1975 1052 2004 er
1079 1964 1180 2004 blies.
1440 1998 1442 2000 l

226 2035 261 2071 2.
294 2031 370 2071 Der
399 2029 495 2080 Fuß,
525 2029 580 2069 die
610 2028 725 2078 Füße
752 2052 801 2055 —
833 2027 894 2067 der
926 2026 1081 2076 Strauß,
1110 2026 1165 2066 die
1195 2024 1386 2074 Sträuße,

293 2093 364 2132 das
394 2091 488 2141 Faß,
518 2091 573 2131 die
602 2090 734 2141 Fäſſer
764 2114 813 2117 —
843 2089 915 2129 das
946 2087 1094 2138 Schloß,
1122 2087 1178 2127 die
1207 2085 1410 2137 Schlöſſer,

295 2154 351 2194 die
380 2153 513 2204 Küſſe,
541 2152 600 2192 der
628 2152 711 2202 Kuß
743 2176 792 2179 —
822 2152 878 2191 die
907 2149 1050 2201 Flüſſe,
1079 2149 1138 2190 der
1167 2148 1273 2199 Fluß,

295 2216 362 2255 wir
389 2214 539 2265 meſſen,
568 2225 601 2254 er
627 2214 715 2264 mißt
744 2237 794 2241 —
822 2213 891 2253 wir
921 2212 1029 2262 eſſen,
1059 2222 1093 2252 er
1119 2210 1183 2261 ißt.

229 2281 263 2318 3.
297 2277 455 2328 Meſſer,
488 2276 650 2326 Waſſer,
678 2276 782 2325 Hals,
813 2274 910 2325 Pelz,
939 2273 1057 2321 Gans,
1086 2273 1176 2324 Pilz,

294 2339 425 2389 reiſen,
454 2337 595 2387 reißen,
623 2337 755 2388 reizen;
786 2336 918 2386 heiſer,
947 2334 1084 2384 heißer,
1113 2334 1260 2384 Heizer.

1165 425 1527 581 sausen.
811 424 1161 525 Winde
431 426 772 583 reisen.
101 425 419 526 Beute

104 572 421 673 Fäden
426 572 787 727 reißen.
807 571 1138 670 Kinder
1137 570 1524 727 grüßen.

108 718 435 877 Hunde
436 717 804 874 beißen.
787 717 1125 873 Jäger
1120 716 1525 874 schießen;

133 867 381 1023 leise
418 864 760 975 Worte,
796 864 1154 1019 weiße
1182 863 1508 1019 Rosen,

107 1012 354 1169 böse
389 1008 744 1120 Buben,
769 1008 1102 1111 breite
1109 1008 1528 1165 Straßen.
