1758 2668
678 203 737 215 —
785 180 840 224 37
888 202 947 214 —

938 326 1010 389 m
1071 304 1177 389 M

500 357 648 389 m
698 300 857 387 M

108 271 148 319 7.

109 516 276 572 Meta
492 515 721 571 Martin
886 514 1111 571 Maria
1297 510 1525 567 Mutter

110 631 322 687 Mauer
495 630 718 686 Mörtel
887 629 1135 685 Maurer
1299 624 1536 692 Meiſter

111 745 280 801 Maus
495 744 632 800 Mus
888 743 1049 811 Milch
1298 738 1503 807 Menſch

112 859 340 915 Mantel
493 858 738 914 Mandel
891 857 1067 913 Mond
1302 853 1481 909 Mund

623 1027 725 1083 Am
762 1027 1035 1087 Morgen.

221 1141 341 1196 Nun
409 1139 496 1194 bin
566 1138 626 1207 ich
697 1136 1021 1206 aufgewacht
1086 1135 1182 1190 und
1251 1133 1372 1188 bete
1439 1145 1543 1200 zum

116 1233 286 1288 lieben
330 1233 473 1288 Gott.
559 1230 754 1300 Schnell
798 1229 966 1285 kleide
1013 1228 1075 1297 ich
1123 1226 1234 1295 mich
1285 1239 1362 1280 an.
1447 1223 1545 1278 Die

118 1326 328 1382 Mutter
376 1324 541 1393 wäſcht
588 1324 684 1379 und
733 1323 905 1378 kämmt
952 1320 1080 1389 mich.
1165 1319 1261 1375 Sie
1302 1317 1388 1386 hat
1437 1315 1543 1383 auch

119 1419 245 1488 ſchon
288 1419 363 1473 die
409 1417 565 1486 Milch
613 1416 818 1485 gekocht.
903 1414 1002 1471 Die
1047 1412 1258 1467 mundet
1304 1410 1397 1464 mir
1446 1408 1543 1477 gut.

121 1513 238 1568 Nun
294 1511 380 1566 bin
436 1510 498 1579 ich
560 1510 660 1578 ſatt.
761 1506 1103 1564 Mütterlein
1161 1504 1263 1573 gibt
1318 1502 1410 1556 mir
1471 1500 1546 1555 die

124 1603 476 1673 Schultaſche.
576 1602 804 1657 Munter
861 1600 1015 1666 laufe
1072 1597 1132 1666 ich
1189 1610 1270 1665 zur
1330 1592 1544 1662 Schule.

340 2119 461 2174 Nun
497 2116 660 2172 reibet
698 2115 797 2184 euch
838 2114 914 2169 die
955 2113 1146 2182 Augen
1184 2113 1322 2182 wach.

232 2225 330 2281 Die
364 2220 670 2290 Schwalben
702 2219 980 2289 zwitſchern
1013 2218 1140 2287 ſchon
1173 2233 1250 2274 am
1282 2218 1429 2287 Dach.

597 2327 775 2383 Guten
815 2326 1073 2393 Morgen!
