1726 2666
638 200 685 206 —
738 178 786 212 47
844 200 893 203 —

53 258 132 307 17.

519 276 628 380 l
648 280 778 383 L

915 293 942 377 l
1000 293 1064 378 L

158 488 310 545 Lina
476 489 600 546 Leo
776 489 963 560 Luiſe
1110 489 1306 546 Laura

156 576 355 632 Laube
477 577 659 634 Linde
779 577 952 635 Lilie
1112 577 1311 646 Lerche

159 664 358 721 Laden
479 666 639 723 Liter
779 666 973 723 Leiter
1113 666 1373 734 Leuchter

159 752 283 822 Luft
478 754 616 823 Licht
777 754 996 823 Lampe
1114 754 1376 811 Laterne

534 929 613 986 In
653 930 742 985 der
780 930 999 987 Laube.

159 1044 272 1099 Das
323 1044 527 1099 Wetter
574 1058 673 1099 war
721 1045 765 1113 ſo
817 1044 947 1113 ſchön
995 1043 1091 1099 und
1144 1043 1219 1098 die
1268 1044 1387 1112 Luft
1439 1044 1482 1112 ſo

55 1144 217 1185 warm.
314 1132 400 1186 Da
456 1131 599 1200 nahm
652 1133 811 1188 Lotte
867 1132 943 1187 die
1001 1130 1331 1200 Schultaſche
1386 1132 1482 1187 und

55 1219 232 1287 ſragte
288 1220 364 1274 die
423 1221 662 1276 Mutter:
730 1220 896 1288 „Darf
953 1219 1015 1288 ich
1072 1219 1249 1274 meine
1313 1219 1482 1289 Schul⸗

57 1306 302 1362 arbeiten
344 1307 397 1363 in
438 1308 517 1363 der
557 1308 738 1364 Laube
781 1307 1063 1376 machen?“
1137 1307 1234 1362 Die
1274 1308 1485 1363 Mutter

61 1394 305 1449 erlaubte
345 1409 396 1450 es
436 1410 565 1464 gern.
643 1397 760 1452 Nun
805 1395 967 1465 ſchrieb
1010 1396 1167 1451 Lotte
1211 1395 1392 1464 ſauber
1435 1395 1486 1451 in

61 1483 151 1537 das
213 1483 514 1552 Tagebuch.
608 1486 761 1540 Dann
809 1484 975 1539 lernte
1034 1483 1093 1552 ſie
1149 1483 1225 1538 ein
1284 1483 1486 1552 schönes

64 1571 198 1626 Lied.
295 1571 392 1626 Als
449 1571 510 1639 ſie
565 1572 674 1627 alle
725 1572 994 1628 Arbeiten
1049 1571 1270 1640 gemacht
1322 1572 1484 1640 hatte,

62 1659 241 1714 kamen
281 1659 430 1714 Lene
468 1659 565 1714 und
607 1660 766 1729 Lieſe.
809 1693 876 1696 —
917 1661 1031 1715 Das
1069 1672 1169 1714 war
1212 1659 1334 1714 eine
1374 1660 1488 1728 Luſt

63 1746 187 1801 beim
228 1747 420 1815 Jagen
460 1747 557 1802 und
600 1748 818 1816 Laufen.

66 1887 223 1954 Lene,
267 1888 439 1954 Lotte,
484 1887 633 1956 Lieſe

67 1975 150 2043 auf
187 1975 266 2030 der
305 1977 508 2044 grünen
549 1976 721 2044 Wieſe

64 2062 257 2132 hopſen
297 2064 381 2131 auf
418 2063 516 2118 und
556 2064 746 2132 nieder,

65 2151 253 2220 tanzen
291 2151 378 2219 hin
417 2151 515 2206 und
555 2151 755 2220 wieder,

68 2239 151 2307 auf
188 2239 284 2294 und
327 2238 386 2293 ab
425 2239 524 2294 und
562 2239 647 2307 hin
685 2240 781 2296 und
821 2240 920 2308 her!

72 2326 197 2393 Eia,
240 2327 330 2381 das
371 2327 559 2395 gefällt
596 2341 690 2382 uns
730 2328 847 2396 ſehr!

1250 2434 1281 2457 4*
