1686 2644
635 187 685 191 —
752 165 800 201 95
855 188 906 191 —

347 266 467 320 Die
510 266 728 321 sieben
779 267 1235 338 Wochentage.

68 372 312 437 Sonntag,
441 374 668 439 Montag,
806 378 1072 442 Dienstag,
1202 377 1486 442 Mittwoch,

193 471 539 536 Donnerstag,
674 472 887 538 Freitag,
1025 474 1358 526 Sonnabend.

444 663 560 716 Die
602 664 799 717 Zwölf
837 665 1112 719 Monate.

62 768 269 832 Januar,
596 770 833 836 Februar,
1168 773 1334 837 März,

71 865 233 929 April,
595 867 719 932 Mai,
1156 870 1301 934 Juni,

69 961 183 1026 Juli,
596 965 813 1030 August,
1171 967 1488 1032 September,

71 1057 330 1123 Oktober,
594 1061 907 1127 November,
1171 1064 1475 1116 Dezember.

354 1242 632 1296 Woraus
671 1243 774 1297 die
816 1245 1017 1313 Dinge
1057 1245 1217 1299 sind.

1128 2427 1160 2452 7*

71 1348 177 1398 Der
190 1348 363 1399 Schuh
384 1356 452 1399 ist
468 1367 568 1400 von
583 1350 765 1415 Leder,
785 1353 869 1402 die
884 1352 1163 1402 Leinwand
1176 1370 1278 1403 von
1296 1353 1490 1417 Flachs,

70 1437 164 1486 der
201 1433 355 1487 Taler
392 1454 495 1487 von
536 1438 717 1504 Silber,
759 1441 844 1490 die
886 1439 1055 1490 Kerze
1093 1458 1194 1491 von
1223 1441 1433 1506 Wachs,

71 1527 164 1574 der
181 1524 393 1575 Mörser
408 1542 510 1575 von
527 1526 777 1591 Messing,
798 1530 891 1578 der
913 1529 1095 1579 Kamm
1117 1536 1182 1579 ist
1198 1546 1300 1579 von
1323 1530 1488 1595 Horn,

71 1614 164 1662 der
187 1612 377 1663 Kessel
408 1631 511 1664 von
541 1613 757 1680 Kupfer,
789 1633 890 1666 von
923 1616 1061 1668 Stahl
1091 1624 1156 1668 ist
1182 1619 1276 1668 der
1303 1617 1488 1682 Sporn,

72 1702 163 1751 der
190 1700 460 1752 Schlüssel
482 1719 583 1753 von
606 1702 778 1766 Eisen,
808 1706 902 1755 der
924 1705 1079 1769 Knopf
1085 1708 1189 1756 ist
1209 1723 1311 1756 von
1343 1706 1488 1770 Bein,

71 1789 163 1839 das
203 1786 345 1840 Tuch
386 1797 453 1840 ist
491 1808 591 1842 von
621 1791 812 1857 Wolle,
853 1794 936 1843 die
978 1793 1158 1845 Mauer
1196 1811 1299 1844 von
1330 1794 1488 1859 Stein,

70 1879 153 1927 die
193 1877 346 1928 Säule
387 1896 490 1929 von
531 1880 775 1945 Marmor,
816 1883 900 1932 die
942 1881 1107 1945 Kugel
1146 1899 1248 1933 von
1293 1882 1421 1944 Blei,

70 1982 170 2015 von
200 1964 348 2016 Gold
389 1969 507 2018 sind
538 1968 797 2034 Dukaten,
837 1987 928 2021 aus
956 1970 1097 2021 Mehl
1136 1977 1203 2021 ist
1231 1972 1326 2021 der
1353 1971 1487 2036 Brei,

70 2070 159 2103 aus
183 2053 320 2104 Holz
349 2061 414 2105 ist
442 2057 533 2107 der
555 2057 770 2123 Kasten,
787 2075 886 2108 von
917 2058 1028 2109 Kork
1030 2060 1153 2109 ist
1174 2060 1269 2109 der
1291 2059 1486 2124 Pfropf,

70 2158 159 2192 aus
182 2141 316 2193 Glas
360 2149 427 2193 ist
467 2146 551 2195 die
576 2146 803 2210 Flasche,
844 2164 946 2197 von
973 2144 1086 2198 Ton
1115 2154 1180 2197 ist
1209 2148 1304 2197 der
1335 2143 1487 2212 Topf,

71 2246 160 2279 aus
198 2229 407 2282 Zucker
448 2235 553 2284 und
594 2234 737 2285 Mehl
777 2242 843 2286 ist
883 2237 976 2286 das
1014 2235 1354 2299 Zuckerbrot,

69 2334 175 2368 wer
212 2320 311 2368 viel
340 2322 510 2372 davon
537 2323 624 2385 ißt,
663 2324 926 2374 bekommt
966 2325 1112 2375 bittre
1152 2323 1275 2375 Not.
