1656 2686
788 195 848 208 —
893 173 950 218 96
997 194 1057 207 —

686 283 799 330 Der
832 280 971 329 süße
1007 278 1156 327 Brei.

312 365 362 405 Es
399 378 476 404 war
510 363 649 403 einmal
680 368 741 402 ein
775 376 917 412 armes,
952 362 1141 401 frommes
1178 360 1390 410 Mädchen;
1426 360 1494 398 das
1525 360 1606 400 lebte

206 433 272 468 mit
300 433 426 468 seiner
448 426 594 466 Mutter
623 426 748 475 allein,
778 425 860 464 und
889 429 946 464 sie
977 424 1107 463 hatten
1139 423 1262 462 nichts
1282 422 1392 462 mehr
1420 435 1469 461 zu
1498 415 1600 463 essen

207 491 267 530 Da
300 496 385 542 ging
422 490 490 529 das
517 489 623 528 Kind
656 488 793 527 hinaus
831 493 870 527 in
910 488 988 527 den
1018 486 1148 526 Wald.
1206 486 1265 525 Da
1303 487 1511 536 begegnete
1545 479 1608 525 ihn

207 559 292 593 eine
321 554 391 592 alte
421 552 532 602 Frau,
564 552 627 590 die
656 551 781 590 wußte
817 555 953 590 seinen
975 549 1152 598 Jammer
1180 548 1302 588 schon
1331 548 1412 587 und
1443 547 1609 588 schenkte

206 616 283 655 ihm
309 621 370 655 ein
389 614 604 664 Töpfchen.
647 613 709 652 Zu
735 614 824 652 dem
850 612 949 652 sollt’
972 625 1015 651 es
1037 624 1171 662 sagen:
1199 609 1435 660 „Töpfchen,
1456 610 1602 650 koche!“

207 692 252 718 so
286 677 423 717 kochte
458 691 500 716 es
539 685 672 727 guten,
713 676 835 715 süßen
871 674 1087 714 Hirsebrei.
1149 673 1242 713 Und
1276 686 1389 713 wenn
1427 686 1469 712 es
1504 682 1611 724 sagte:

210 740 448 790 „Töpfchen,
486 739 612 778 steh!“
652 752 697 778 so
732 738 840 777 hörte
879 751 921 777 es
957 738 1103 777 wieder
1137 737 1202 775 auf
1234 750 1282 776 zu
1316 736 1479 775 kochen.
1542 735 1615 775 Das

209 802 402 842 Mädchen
445 802 599 841 brachte
642 801 720 840 den
761 798 867 850 Topf
904 805 1034 839 seiner
1075 798 1218 838 Mutter
1258 799 1370 848 heim,
1415 799 1497 837 und
1541 811 1610 836 nun

209 865 417 905 brauchten
452 870 507 904 sie
544 864 647 903 nicht
683 863 791 903 mehr
824 876 873 902 zu
906 863 1082 913 hungern
1119 862 1198 901 und
1231 862 1325 901 aßen
1358 862 1481 900 süßen
1516 860 1610 910 Brei,

210 942 254 967 so
294 928 346 967 oft
383 932 438 967 sie
477 927 645 966 wollten.
710 925 855 965 Einmal
887 938 965 964 war
1003 925 1072 964 das
1113 923 1306 963 Mädchen
1342 936 1618 973 ausgegangen.

212 991 272 1030 Da
310 990 445 1039 sprach
486 990 549 1028 die
585 988 744 1028 Mutter:
786 986 1024 1037 „Töpfchen,
1063 986 1231 1026 koche!“
1289 985 1348 1024 Da
1389 985 1525 1024 kochte
1563 985 1622 1034 es,

210 1054 292 1093 und
322 1058 377 1092 sie
406 1053 449 1091 aß
479 1051 561 1091 sich
592 1060 673 1090 satt.
729 1049 823 1090 Nun
851 1049 979 1089 wollte
1009 1053 1078 1099 sie,
1113 1048 1184 1087 daß
1213 1048 1279 1087 das
1303 1046 1501 1096 Töpfchen
1528 1051 1623 1086 wie-

212 1117 282 1155 der
319 1115 507 1154 aufhören
546 1115 675 1165 sollte;
715 1114 805 1152 aber
844 1117 898 1152 sie
939 1112 1065 1151 wußte
1110 1112 1177 1150 das
1212 1110 1321 1150 Wort
1361 1109 1464 1149 nicht
1500 1109 1624 1149 mehr.

214 1178 310 1218 Also
339 1178 478 1218 kochte
509 1190 551 1216 es
581 1177 667 1225 fort,
703 1177 783 1215 und
817 1177 886 1214 der
919 1175 1011 1214 Brei
1040 1179 1136 1224 stieg
1168 1174 1261 1213 über
1292 1173 1367 1212 den
1397 1171 1507 1211 Rand
1534 1172 1625 1210 hin-

216 1255 285 1281 aus
318 1241 399 1280 und
435 1240 576 1280 kochte
610 1244 745 1279 immer
779 1252 840 1289 zu,
875 1239 937 1277 die
976 1236 1114 1276 Küche
1149 1236 1227 1275 und
1260 1236 1327 1275 das
1358 1247 1475 1286 ganze
1509 1233 1635 1273 Haus

216 1305 294 1344 voll
329 1305 410 1343 und
449 1304 518 1342 das
556 1307 690 1342 zweite
730 1301 838 1341 Haus
873 1303 953 1340 und
988 1301 1091 1339 dann
1131 1300 1192 1338 die
1227 1298 1369 1347 Straße,
1403 1297 1456 1336 als
1494 1296 1647 1349 wollte:

216 1381 259 1407 es
289 1368 349 1406 die
378 1380 495 1417 ganze
525 1366 628 1405 Welt
657 1374 727 1405 satt
753 1364 924 1404 machen.
982 1363 1042 1402 Da
1070 1375 1148 1402 war
1175 1362 1236 1400 die
1262 1360 1388 1411 größte
1414 1358 1506 1408 Not,
1536 1353 1647 1407 und

216 1431 305 1469 kein
331 1429 495 1469 Mensch
522 1429 646 1468 wußte
677 1428 756 1467 sich
787 1428 833 1466 da
861 1440 908 1466 zu
938 1426 1076 1465 helfen.
1126 1423 1294 1472 Endlich,
1316 1426 1387 1461 wie
1416 1433 1489 1460 nur
1512 1409 1647 1469 noch

217 1498 279 1532 ein
304 1497 470 1543 einziges
496 1491 606 1530 Haus
631 1492 739 1541 übrig
757 1503 843 1539 war,
865 1490 911 1527 da
930 1488 1017 1527 kam
1043 1487 1111 1526 das
1132 1486 1236 1525 Kind
1254 1484 1356 1523 heim
1376 1484 1457 1522 und
1482 1470 1647 1542 sprach

216 1569 303 1595 nur:
343 1554 578 1604 „Töpfchen,
615 1553 735 1592 steh!“
799 1551 859 1590 Da
895 1551 1005 1590 hörte
1044 1562 1086 1589 es
1125 1548 1189 1587 auf
1220 1560 1268 1587 zu
1305 1546 1467 1586 kochen.
1524 1544 1647 1600 Wer

216 1632 296 1658 nun
329 1618 471 1657 wieder
506 1621 545 1655 in
584 1616 645 1655 die
676 1615 779 1655 Stadt
813 1614 956 1663 wollte,
993 1613 1063 1651 der
1096 1611 1221 1651 mußte
1254 1610 1333 1649 sich
1367 1607 1607 1648 durchessen.

605 1729 849 1791 Sprüche
883 1727 975 1774 für
1010 1725 1227 1773 Kinder.

423 1817 453 1851 1.
486 1812 556 1854 Ein
585 1820 693 1861 gutes
723 1810 825 1849 Kind
855 1813 1039 1858 gehorcht
1068 1808 1301 1856 geschwind.

417 1887 452 1921 2.
484 1881 579 1921 Wer
607 1882 744 1921 einmal
772 1881 860 1930 lügt,
889 1885 979 1917 dem
1008 1883 1137 1927 glaubt
1164 1888 1249 1914 man
1278 1882 1390 1922 nicht,

482 1945 563 1983 und
593 1957 706 1984 wenn
740 1956 780 1982 er
808 1941 903 1981 auch
937 1940 1000 1979 die
1030 1938 1225 1977 Wahrheit
1253 1935 1407 1986 spricht.

416 2020 451 2055 3.
483 2015 559 2054 Bin
588 2015 648 2054 ich
678 2014 773 2053 auch
803 2011 903 2053 noch
930 2016 1026 2061 jung
1054 2009 1135 2048 und
1164 2008 1278 2057 klein,

482 2078 653 2117 dankbar
682 2076 782 2116 kann
811 2075 871 2114 ich
900 2073 1002 2113 doch
1032 2071 1154 2110 schon
1183 2074 1276 2109 sein.

416 2154 450 2189 4.
484 2148 562 2189 Hat
590 2148 687 2188 auch
715 2146 891 2187 niemand
922 2145 988 2184 auf
1013 2142 1101 2182 dich
1131 2140 1224 2190 acht,

484 2211 625 2252 Gottes
654 2211 763 2256 Auge
793 2214 926 2249 immer
954 2205 1088 2246 wacht.

418 2288 453 2323 5.
483 2283 559 2323 Wo
589 2283 651 2323 ich
680 2284 757 2332 bin,
787 2281 868 2320 und
894 2292 974 2319 was
1004 2277 1067 2317 ich
1094 2278 1159 2326 tu’,

711 2344 819 2394 Gott,
848 2347 951 2382 mein
980 2340 1113 2391 Vater,
1142 2351 1201 2379 zu.
483 2346 592 2385 sieht
592 2351 679 2409 mir

656 2468 735 2494 Druck
750 2472 793 2486 von
809 2464 926 2490 Breitkopf
935 2463 953 2483 &
963 2463 1041 2483 Härtel
1057 2463 1079 2482 in
1096 2463 1189 2487 Leipzig.
