1740 2666
669 210 719 213 —
774 188 822 223 39
877 210 929 213 —

539 360 651 392 r
714 300 821 394 R

911 324 946 387 r
1007 303 1084 388 R

87 279 132 329 9.

90 525 248 593 Roſa
528 521 750 578 Robert
927 522 1149 594 Rudolf
1325 524 1491 580 Rudi

91 622 350 690 Röschen
529 619 735 687 Raupe
925 619 1118 689 Raſen
1325 621 1520 677 Rinde

92 720 295 776 Reiter
530 716 735 784 Rappe
925 717 1095 786 Reiſe
1326 718 1487 774 Rute

93 816 216 873 Rad
527 813 664 869 Reis
928 814 1104 883 Rauch
1329 815 1490 871 Rand

358 946 531 1002 Rabe
553 979 618 981 —
641 944 829 1000 Name
1029 946 1219 1015 Raſen
1242 981 1309 983 —
1332 945 1523 1014 Naſen
249 991 300 1046 N
96 992 148 1046 R
164 1025 228 1027 —

360 1042 566 1110 Regen
587 1076 652 1078 —
675 1041 864 1098 Nebel
1029 1043 1230 1099 Ruder
1252 1078 1319 1080 —
1342 1043 1506 1111 Nacht

531 1237 668 1304 Nach
710 1237 826 1293 dem
866 1238 1088 1305 Regen.

208 1370 320 1424 Das
369 1368 494 1437 böſe
535 1368 734 1424 Wetter
774 1368 832 1437 iſt
873 1368 1109 1424 vorüber.
1174 1373 1276 1427 Der
1316 1373 1529 1427 Donner

101 1466 259 1521 rollte
294 1466 338 1534 ſo
377 1465 496 1520 laut.
549 1466 649 1520 Der
685 1465 870 1533 Regen
905 1465 1127 1535 klatſchte
1161 1481 1225 1523 an
1258 1467 1335 1522 die
1368 1466 1527 1536 Schei⸗

104 1562 206 1617 ben.
275 1561 422 1618 Aber
460 1576 564 1616 nun
601 1562 769 1616 kommt
807 1562 884 1617 die
918 1564 1115 1618 Sonne
1152 1564 1355 1619 wieder.
1435 1563 1530 1619 Die

104 1658 301 1727 Dächer
340 1658 563 1726 glänzen
593 1658 682 1713 wie
713 1672 819 1713 neu.
886 1659 1040 1728 Roſa
1068 1660 1188 1716 kann
1214 1676 1317 1716 nun
1343 1660 1531 1716 wieder

105 1754 505 1824 hinausgehen.
572 1754 770 1810 Robert
796 1755 895 1811 und
930 1756 1136 1826 Rudolf
1174 1758 1273 1827 ſind
1303 1758 1433 1828 ſchon
1471 1758 1532 1813 da

108 1853 203 1925 und
230 1851 503 1921 plätſchern
536 1851 602 1906 im
637 1852 1035 1921 Regenwaſſer.
1094 1856 1176 1910 Da
1205 1855 1355 1925 ſchaut
1386 1856 1531 1924 Roſa

108 1949 215 2018 nach
249 1948 390 2004 oben
421 1948 519 2003 und
552 1948 673 2017 ruſt:
710 1949 877 2017 „Seht
907 1949 1017 2003 dort

109 2046 198 2102 den
225 2044 615 2114 Regenbogen!
654 2045 756 2101 Rot
781 2045 880 2100 und
910 2044 1014 2113 gelb

110 2142 206 2198 und
242 2143 366 2210 grün
398 2141 495 2196 und
529 2140 644 2196 blau
677 2141 944 2210 ſchimmert
971 2155 1018 2196 er

115 2239 167 2294 in
197 2238 286 2294 den
314 2237 554 2294 Wolken.
611 2238 717 2307 Ach,
758 2238 849 2293 wie
890 2237 1018 2306 ſchön

115 2335 170 2403 iſt
207 2334 312 2403 doch
353 2334 434 2389 der
474 2333 911 2403 Regenbogen!“
