1732 2666
673 193 723 196 —
779 171 827 206 65
881 194 932 197 —

118 199 200 249 34.

183 334 256 429 x
303 277 430 371 X

505 311 547 373 x
604 290 671 376 X

762 287 942 436 ph
943 282 1101 438 Ph

1181 295 1273 399 ph
1339 295 1462 399 Ph

1301 507 1502 665 Axt,
89 511 328 666 Max,
384 508 656 663 Felix,
709 507 1234 665 Alexander,

93 655 544 812 Exempel,
538 656 939 812 Examen,
951 685 1512 813 exerzieren,

101 806 359 957 Hexe,
415 801 670 958 Nixe,
717 801 1071 957 Büchse,
1159 799 1500 956 Wichse,

90 946 440 1103 Joseph,
409 945 811 1101 Potiphar,
796 947 1157 1101 Pharao,
1139 945 1505 1104 Prophet,

89 1094 455 1249 Philipp,
455 1091 809 1246 Stephan,
814 1091 1098 1246 Sophie,
1064 1092 1523 1249 Josephine.

496 1347 584 1394 Ein
619 1346 1127 1406 Telephongeſpräch.

200 1436 310 1476 Rrrrr
414 1438 445 1475 r!
507 1435 562 1483 Ei,
599 1436 704 1485 guten
735 1435 914 1485 Morgen,
948 1435 1054 1475 lieber
1088 1435 1191 1475 Emil.
1254 1435 1323 1485 Ich
1360 1436 1423 1486 ſoll
1455 1436 1524 1485 dich
330 1469 336 1474 .
358 1469 363 1474 .
386 1469 391 1474 .

98 1499 172 1538 und
203 1498 326 1538 deinen
348 1497 494 1537 Bruder
514 1497 609 1537 Otto
638 1499 696 1548 für
725 1497 829 1547 heute
858 1497 1073 1547 nachmittag
1101 1508 1177 1548 zum
1198 1497 1330 1548 Kaffee
1354 1497 1524 1536 einladen.

95 1560 176 1600 Alle
198 1560 308 1600 meine
328 1559 495 1608 Freunde
521 1560 658 1599 werden
686 1560 856 1600 kommen:
888 1559 948 1599 der
968 1559 1109 1611 Joſeph
1137 1559 1210 1599 und
1237 1560 1297 1599 der
1318 1559 1525 1606 Alexander,

97 1624 156 1662 der
192 1621 367 1672 Stephan
400 1621 474 1661 und
510 1622 569 1661 der
602 1621 709 1671 Felix,
744 1622 803 1661 der
833 1620 935 1661 Max
967 1622 1041 1661 und
1076 1621 1158 1671 auch
1193 1621 1252 1661 der
1282 1620 1412 1661 Xaver.
1474 1620 1526 1660 Es

96 1684 185 1723 wird
213 1684 311 1734 ſicher
335 1684 423 1734 reht
448 1683 555 1734 luſtig
575 1684 721 1723 werden.
771 1683 896 1733 Weißt
917 1683 975 1731 du,
995 1683 1041 1734 ich
1062 1683 1153 1733 habe
1173 1683 1325 1723 diesmal
1345 1693 1386 1733 zu
1407 1682 1526 1732 Weih⸗

96 1746 239 1796 nachten
278 1746 377 1785 einen
412 1745 851 1796 Photographenkaſten
888 1745 1094 1785 bekommen.
1156 1745 1285 1785 Damit
1318 1744 1408 1784 kann
1444 1755 1526 1784 man

98 1807 211 1858 ſchöne
233 1807 362 1847 Bilder
381 1807 532 1857 machen.
570 1807 636 1857 Ich
658 1807 747 1847 kann
768 1818 804 1847 es
827 1807 924 1858 ſchon
944 1807 1030 1857 recht
1051 1808 1124 1857 gut.
1169 1807 1284 1858 Papa
1303 1806 1368 1856 hat
1388 1817 1425 1846 es
1444 1807 1525 1857 mich

97 1869 237 1925 gelehrt.
287 1869 355 1920 Ich
387 1869 505 1909 werde
535 1870 611 1920 euch
635 1870 700 1909 alle
718 1869 1089 1920 photographieren.
1139 1869 1221 1919 Hei!
1253 1868 1343 1908 wird
1365 1867 1436 1907 das
1454 1868 1527 1907 mal

97 1932 169 1971 eine
190 1931 331 1981 Freude
351 1932 478 1982 geben!
525 1931 628 1980 Aber,
649 1931 720 1981 daß
742 1931 791 1971 du
809 1932 876 1971 mir
896 1930 1045 1982 kommſt,
1067 1931 1143 1982 haſt
1164 1930 1242 1971 du's
1265 1929 1417 1981 gehört?
1457 1929 1525 1979 Ja,

98 1993 259 2044 Philipp,
294 1993 341 2044 ich
371 1993 514 2033 komme.
564 1993 658 2045 Alſo,
690 1992 828 2042 Schluß
859 2016 909 2020 —
941 1993 1015 2039 ade,
1046 1994 1109 2043 auf
1139 1991 1401 2042 Wiederſehen!
1423 1992 1522 2030 rrrr!

409 2165 545 2268 y
565 2108 704 2263 Y

907 2161 950 2244 y
1013 2141 1081 2242 Y
1230 2141 1256 2222 i
1116 2184 1200 2207 =

97 2325 404 2394 Zylinder,
482 2323 698 2392 Myrte,
773 2312 1077 2391 Ägypten,
1154 2322 1523 2390 Hyazinthe.
