1782 2666
791 191 842 194 —
895 169 943 203 44
995 190 1042 194 —

285 228 361 276 14.

419 321 567 398 u
553 287 689 400 U
669 312 835 394 ü
830 267 944 389 Ü

1027 328 1075 391 u
1132 306 1207 392 U
1262 307 1310 388 ü
1367 287 1437 390 Ü

215 530 377 588 Ulan
493 526 678 594 Ulrich
886 524 1105 581 Urlaub
1331 518 1607 590 Uniform

217 631 364 700 Ufer
496 627 747 685 Unkraut
889 625 1076 682 Unart
1337 621 1585 690 Unruhe

220 720 375 788 Übel
504 719 778 796 Überzug
892 716 1231 794 Überſchriſt
1339 711 1627 779 Übermut

738 904 1113 975 Paradetag.

331 1032 472 1100 Seht,
514 1031 572 1085 da
609 1030 838 1085 kommen
876 1027 950 1082 die
992 1025 1296 1082 Soldaten!
1378 1023 1472 1079 Sie
1507 1036 1627 1077 mar⸗

223 1129 436 1199 schieren
491 1127 541 1182 in
595 1124 830 1194 gleichem
888 1122 1066 1191 Schritt
1121 1121 1218 1177 und
1277 1120 1420 1176 Tritt.
1518 1118 1632 1174 Wie

224 1226 353 1295 schön
399 1224 455 1292 iſt
498 1223 572 1278 die
617 1221 820 1290 Muſik!
911 1219 1071 1288 Schau
1114 1231 1226 1284 nur,
1276 1218 1336 1271 da
1381 1215 1477 1285 ſind
1523 1213 1630 1282 auch

223 1322 299 1378 die
338 1320 585 1377 Ulanen!
645 1319 747 1373 Der
786 1315 1109 1383 Rittmeiſter
1147 1313 1270 1382 zieht
1307 1313 1394 1367 den
1432 1313 1630 1379 Degen.

225 1420 310 1474 Da
356 1417 520 1472 reiten
573 1415 631 1484 ſie
686 1412 803 1483 raſch
854 1413 916 1467 im
964 1409 1138 1467 Trabe
1185 1408 1382 1464 vorbei.
1459 1405 1629 1474 Ulrich

225 1514 323 1571 und
364 1513 506 1570 Otto
545 1512 699 1579 rufen
737 1509 920 1578 hurra!
971 1506 1115 1574 Solch
1158 1506 1236 1560 ein
1268 1505 1418 1561 Ulan
1447 1502 1635 1571 möchte

225 1611 286 1680 ich
328 1609 437 1678 auch
477 1607 675 1664 einmal
714 1605 939 1662 werden!
