1704 2646
190 1324 325 1422 d
947 1317 1236 1416 rede
177 1469 441 1568 was

758 190 818 201 —
866 167 919 211 24
963 189 1020 200 —

197 1943 226 1998 d
252 1974 305 1979 —

194 2152 215 2208 t
238 2180 293 2186 —

332 1942 416 2009 du,
526 1941 627 2007 der,
740 1940 853 2006 den,
967 1937 1059 2004 dir,
1169 1936 1304 2004 dein,
1410 1935 1594 2004 dafür,

329 2037 511 2104 müde,
585 2036 730 2103 jede,
798 2035 984 2101 laden,
1046 2032 1295 2101 ſcheiden,
1359 2031 1594 2099 daheim.

318 2151 530 2219 taufen,
674 2148 866 2215 teilen,
1009 2146 1201 2214 hüten,
1340 2144 1593 2212 leuchten,

323 2248 526 2314 lauter,
603 2245 817 2312 weiter,
896 2244 1071 2310 teuer,
1146 2243 1247 2309 rot,
1322 2242 1411 2308 tot,
1485 2240 1593 2307 tun,

323 2357 379 2399 er
423 2343 557 2398 eilte
601 2374 653 2378 —
697 2355 753 2397 er
795 2340 1024 2401 tauſchte
1069 2371 1121 2376 —
1168 2351 1223 2393 er
1270 2337 1428 2392 teilte
1476 2348 1595 2391 aus.

333 1325 437 1420 t
455 1379 703 1420 war
696 1320 925 1419 da?
288 1394 330 1405 —
1253 1314 1573 1413 laut!

432 1471 652 1566 tun
658 1498 874 1564 wir
855 1465 1167 1623 heute
1183 1474 1235 1560 ?
1217 1460 1382 1619 ich
1353 1458 1588 1558 lade

601 1684 649 1696 —
173 1615 373 1773 dich
366 1646 574 1711 ein
676 1643 906 1709 wir
910 1611 1286 1708 reiten
1268 1604 1586 1764 heute

555 1830 603 1842 —
922 1829 973 1840 —
190 1760 517 1918 dahin
630 1759 881 1856 ade
994 1754 1270 1854 ade.
