1706 2661
785 203 834 205 —
888 182 935 216 84
989 205 1034 208 —

647 284 732 334 35.
772 281 1157 349 Schwälblein.

562 378 589 427 1.
620 379 679 418 Da
709 379 839 418 kommt
866 380 932 419 das
960 380 1206 431 Schwälblein
1236 383 1364 422 wieder

510 438 608 489 wohl
636 451 708 478 aus
738 439 815 477 dem
843 441 967 489 fernen
995 442 1111 480 Land!

510 499 565 538 Es
593 500 727 549 flattert
755 499 822 549 auf
848 501 920 538 und
947 501 1066 540 nieder

509 559 580 597 und
609 559 701 609 ſingt
729 560 783 597 die
812 559 906 598 alten
935 561 1062 612 Lieder,

508 619 559 657 die
588 631 661 658 uns
691 620 728 669 ſo
758 620 857 670 wohl
887 620 1049 661 bekannt.

509 678 631 729 Grüß'
662 679 757 718 Gott
785 680 835 718 im
863 681 1041 731 deutſchen
1072 684 1187 721 Land!

556 774 594 813 2.
626 774 683 813 Es
712 774 811 824 fliegt
838 787 917 825 zum
946 776 1039 815 alten
1069 778 1175 826 Weſte

505 834 583 872 dort
611 839 715 872 unter
743 835 886 884 unſerm
915 836 1010 885 Dach

505 894 575 932 und
603 894 797 944 zwitſchert
825 895 891 933 wie
918 908 996 946 zum
1024 896 1119 948 Feſte

504 954 575 991 und
606 954 680 992 lädt
708 966 781 993 uns
811 955 866 993 ein
895 956 953 994 als
982 957 1107 1006 Gäſte.

503 1013 618 1063 Dank,
650 1014 761 1052 liebes
790 1014 1045 1066 Schwälblein,
1077 1017 1139 1066 ach

502 1085 544 1124 zu
573 1074 660 1112 klein
689 1074 728 1121 iſt
756 1074 835 1113 dein
865 1075 1037 1125 Gemach.

743 1225 828 1273 36.
868 1221 1061 1288 Rätſel.

536 1316 594 1366 Ei,
627 1317 706 1367 ſagt
734 1317 804 1355 mir
832 1317 914 1367 doch
943 1319 1007 1357 den
1035 1321 1152 1370 Vogel
1182 1333 1243 1371 an,

536 1377 593 1414 der
623 1377 741 1426 ſeinen
771 1378 917 1416 Namen
945 1380 1047 1430 rufen
1078 1381 1182 1419 kann.

575 1526 661 1574 37.
703 1523 810 1577 Der
848 1522 1214 1591 Gockelhahn.

498 1619 525 1667 1.
555 1619 628 1657 Der
657 1620 901 1671 Gockelhahn,
932 1622 990 1660 der
1018 1622 1264 1674 Gockelhahn,

446 1679 504 1716 der
532 1678 594 1728 hat
620 1680 708 1729 zwei
736 1680 847 1731 große
875 1681 1019 1731 Sporen
1048 1694 1096 1720 an

446 1739 516 1776 und
544 1739 627 1789 geht
657 1740 693 1789 ſo
723 1740 801 1790 ſtolz
830 1742 901 1779 und
931 1741 996 1779 keck
1023 1742 1157 1792 einher,

445 1798 502 1836 als
532 1799 577 1837 ob
607 1799 664 1837 ein
693 1800 823 1851 großer
850 1801 941 1853 Herr
969 1814 1004 1839 er
1032 1806 1138 1841 wär'.

493 1893 531 1932 2.
560 1894 654 1945 Herr
683 1894 926 1946 Gockelhahn,
958 1897 1049 1948 Herr
1078 1898 1308 1948 Gockelhahn

443 1952 504 2002 hat
530 1952 679 2003 Sporen
707 1955 781 1992 und
810 1955 903 1994 keine
929 1956 1058 2004 Stiefel
1086 1970 1147 2008 an,

442 2012 503 2062 hat
530 2012 678 2063 Sporen
707 2015 780 2052 und
808 2015 901 2064 nicht
928 2016 1060 2055 einmal
1089 2018 1325 2069 Lederſchuh',

441 2072 502 2122 hat
529 2073 676 2123 Sporen
706 2075 778 2112 und
808 2075 889 2125 doch
919 2076 991 2114 kein
1018 2076 1131 2127 Pferd
1161 2078 1264 2129 dazu.

489 2168 526 2206 5.
556 2168 649 2221 Herr
678 2169 922 2221 Gockelhahn,
952 2171 1042 2224 Herr
1071 2171 1315 2224 Gockelhahn,

439 2240 475 2265 er
503 2228 540 2277 iſt
569 2228 626 2266 ein
656 2229 798 2279 luſt’ger
826 2231 1100 2271 Reitersmann.

437 2288 528 2341 Herr
554 2288 681 2327 Reiter
707 2302 750 2340 zu
779 2289 870 2342 Fuß,
902 2291 969 2329 wir
997 2291 1119 2341 lachen
1148 2292 1222 2343 dich
1253 2305 1334 2343 aus,

436 2348 500 2387 reit
528 2347 651 2400 hurtig
681 2349 718 2387 in
748 2351 815 2389 das
843 2351 1090 2405 Hühnerhaus
1105 2355 1114 2391 !
