1735 2652
198 1790 224 1819 1.
236 1788 332 1819 Wenn
344 1789 383 1819 du
401 1789 559 1827 ſchreiben
575 1790 661 1829 willſt,
678 1791 704 1829 ſo
721 1791 817 1830 ſchiebe
833 1791 886 1822 den
900 1792 990 1830 Stuhl
1006 1792 1030 1830 ſo
1043 1793 1106 1823 weit
1121 1794 1201 1823 unter
1212 1793 1266 1824 den
1279 1793 1362 1832 Tiſch,

235 1832 288 1871 daß
317 1832 361 1862 die
386 1833 498 1863 vordere
523 1833 687 1872 Stuhlkante
716 1836 787 1865 etwa
809 1837 826 1865 5
852 1846 900 1866 cm
925 1837 1003 1866 unter
1029 1836 1072 1867 die
1094 1836 1254 1876 Tiſchplatte
1270 1837 1361 1876 reicht!

196 1878 224 1906 2.
236 1877 319 1915 Setze
342 1876 398 1915 dich
423 1877 462 1915 ſo,
485 1877 537 1916 daß
561 1877 598 1907 du
619 1878 671 1908 das
696 1878 770 1917 Licht
793 1887 848 1909 von
870 1879 918 1909 der
940 1879 1024 1910 linken
1049 1880 1130 1911 Seite
1153 1880 1313 1919 bekommſt!

197 1921 224 1949 3.
235 1920 281 1958 Iſt
304 1920 353 1951 der
379 1919 472 1958 Stuhl
496 1929 528 1959 zu
552 1921 666 1960 niedrig,
689 1922 714 1960 ſo
738 1922 799 1961 lege
827 1923 874 1953 ein
897 1923 988 1961 hartes
1012 1924 1103 1962 Kiſſen
1130 1924 1245 1963 darauf!

197 1965 224 1993 4.
235 1963 355 2002 Reichen
384 1964 458 1994 beim
483 1964 578 2003 Sitzen
605 1965 648 1996 die
672 1965 752 2003 Füße
780 1965 849 2005 nicht
872 1967 920 2005 auf
947 1967 998 1997 den
1022 1968 1130 2006 Boden,
1154 1968 1179 2006 ſo
1203 1967 1277 2006 ſtelle
1302 1967 1362 1999 eine

235 2007 370 2045 Fußbank
393 2009 486 2038 unter!

197 2052 225 2081 5.
235 2050 322 2088 Halte
345 2051 399 2081 den
423 2051 592 2091 Oberkörper
620 2053 743 2092 aufrecht,
767 2053 848 2091 lehne
876 2053 919 2084 die
947 2053 1031 2093 Bruſt
1054 2055 1120 2094 nicht
1147 2063 1184 2085 an
1206 2055 1251 2085 die
1274 2055 1361 2095 Tiſch⸗

234 2094 322 2132 platte
346 2094 404 2125 und
428 2095 507 2134 neige
529 2097 581 2127 den
603 2096 678 2135 Kopf
702 2105 755 2127 nur
778 2097 869 2136 wenig
893 2098 955 2136 nach
978 2099 1061 2129 vorn!

197 2140 225 2168 6.
237 2138 295 2168 Die
321 2137 430 2177 Schrift
452 2139 518 2178 muß
542 2148 603 2170 vom
627 2140 707 2179 Auge
730 2142 895 2180 wenigſtens
920 2143 959 2172 35
981 2152 1029 2173 cm
1054 2143 1171 2181 entfernt
1193 2142 1261 2181 ſein!

199 2184 226 2211 7.
238 2181 311 2221 Lege
328 2182 372 2213 die
389 2182 554 2214 Unterarme
571 2184 618 2223 auf
632 2184 684 2215 den
701 2184 784 2224 Tiſch,
800 2185 873 2224 halte
889 2185 939 2216 mit
953 2185 1000 2216 der
1019 2185 1105 2217 linken
1121 2186 1205 2223 Hand
1222 2185 1275 2216 das
1293 2186 1361 2225 Heft

235 2226 284 2263 feſt
293 2226 350 2256 und
361 2226 468 2265 beachte
478 2227 538 2266 auch
549 2227 592 2258 bei
601 2228 653 2258 den
663 2228 822 2267 häuslichen
829 2229 961 2260 Arbeiten
1025 2229 1129 2269 richtige
1141 2229 1359 2268 Federhaltung!
972 2229 1013 2258 die

198 2270 226 2299 8.
238 2269 295 2299 Die
321 2270 430 2309 Schrift
453 2270 487 2308 ſei
510 2271 604 2302 immer
627 2271 739 2311 deutlich
763 2273 819 2303 und
845 2273 932 2312 ſchön;
955 2273 1048 2311 ſauber
1071 2273 1105 2311 ſei
1125 2273 1188 2312 ſtets
1211 2273 1276 2303 dein
1293 2273 1361 2313 Heft

235 2313 292 2343 und
317 2313 378 2344 rein
402 2313 510 2353 allezeit
530 2315 609 2346 deine
631 2316 729 2354 Hand!

176 648 624 737 Ferdinand
652 647 862 741 Hirt
883 652 977 728 in
988 645 1382 729 Breslau

171 280 458 348 Einband
480 278 584 343 der
586 275 1380 357 Verlagsbuchhandlung

668 2455 780 2480 Nachdruck
794 2455 900 2476 verboten.
