1725 2645
805 185 846 188 —
908 164 956 199 48
1009 185 1058 189 —

1082 284 1121 366 b
1185 283 1259 367 B

683 276 792 373 b
830 282 955 376 B

229 243 311 294 18.

227 479 403 535 Baum
569 479 753 536 Birne
910 480 1062 550 Buſch
1337 479 1470 549 Bach

226 567 349 623 Beil
567 568 751 638 Beſen
908 568 1110 636 Bogen
1336 567 1462 625 Ball

226 655 413 711 Biene
568 656 681 712 Bär
909 656 1115 713 Blume
1338 656 1512 713 Blüte

352 769 399 826 kk
570 770 753 827 Bäcker
910 770 1209 840 Backſtube
1338 769 1508 825 backen
227 770 263 825 ck
282 792 333 815 =

226 858 434 914 Gebäck
561 858 839 928 Zwieback
905 858 1158 928 ſchmecken
1332 857 1507 926 Zucker

737 1080 890 1136 Beim
927 1079 1124 1136 Bäcker.

333 1192 431 1249 Die
483 1194 693 1250 Mutter
745 1194 862 1249 backt
910 1194 1061 1262 heute
1110 1193 1453 1261 Napfkuchen.
1542 1191 1640 1248 Sie

225 1289 398 1344 nimmt
437 1290 684 1359 Roſinen
723 1291 819 1346 und
862 1289 1123 1346 Mandeln
1163 1289 1315 1357 dazu.
1383 1290 1482 1344 Der
1519 1287 1638 1343 wird

226 1386 311 1453 gut
352 1385 592 1455 ſchmecken.

335 1482 538 1550 Rudolf
575 1483 682 1551 darf
724 1483 812 1538 den
851 1482 972 1549 Teig
1015 1481 1066 1536 in
1105 1481 1196 1535 das
1241 1480 1503 1549 Badhaus
1544 1480 1638 1535 tra⸗

225 1592 329 1646 gen.
409 1579 520 1634 Wie
562 1593 611 1634 es
650 1579 713 1633 da
755 1577 853 1646 fein
889 1577 1043 1646 riecht!
1123 1579 1226 1633 Der
1266 1577 1433 1632 Bäcker
1470 1576 1640 1632 nimmt

227 1675 430 1743 gerade
467 1675 541 1729 die
579 1675 754 1730 Brote
794 1688 884 1729 aus
922 1674 1021 1729 dem
1062 1673 1347 1741 Backofen.
1408 1672 1504 1728 Ein
1544 1672 1638 1728 Ge⸗

228 1771 353 1839 ſelle
400 1771 566 1826 knetet
612 1771 677 1825 im
727 1770 1024 1838 Backtroge
1072 1770 1163 1825 den
1211 1769 1348 1837 Teig.
1434 1768 1512 1824 In
1560 1768 1640 1823 der

230 1866 335 1923 Ecke
375 1866 485 1935 ſicht
522 1866 730 1935 Rudolf
770 1866 879 1921 dicke
919 1865 1059 1922 Säcke
1100 1865 1283 1933 ſtehen.
1361 1865 1504 1920 Rate
1542 1864 1638 1919 ein⸗

226 1964 339 2031 mal,
380 1977 483 2018 was
520 1962 678 2018 darin
719 1962 812 2031 ſein
849 1964 980 2030 mag!
