1732 2670
660 199 708 202 —
765 178 811 212 71
868 200 917 202 —

224 279 357 321 Beide:

397 280 480 321 Mit
510 281 575 321 den
605 279 768 331 Füßchen
796 280 914 331 trapp,
944 280 1059 330 trapp,
1088 281 1203 330 trapp,

395 343 460 383 mit
488 343 555 383 den
582 342 772 393 Händchen
801 342 914 393 klapp,
945 342 1056 392 klapp,
1085 342 1197 393 klapp,

398 406 529 446 einmal
556 405 625 456 hin,
654 405 784 446 einmal
812 405 882 455 her,

396 468 488 508 rund
519 468 656 518 herum:
686 467 757 508 das
786 467 829 519 iſt
857 467 947 518 nicht
978 467 1104 518 ſchwer.

367 652 416 700 6.
460 647 577 703 Lied
617 660 727 701 vom
768 646 929 715 feinen
970 645 1225 715 Mädchen.

536 761 604 811 Ich
634 762 696 801 bin
724 762 780 801 ein
809 761 940 812 feines
953 760 1142 811 Mädchen,

483 823 572 864 kann
600 823 726 873 drehen
756 823 827 863 das
857 823 1033 874 Rädchen,

482 886 571 926 kann
601 886 727 936 ſtricken
757 886 813 926 die
843 885 1017 936 Maſchen

484 948 557 989 und
587 948 698 999 flicken
726 948 782 988 die
812 947 975 999 Taſchen,

487 1011 575 1051 kann
603 1011 732 1051 nädeln
761 1010 835 1050 und
865 1011 986 1061 putzen

489 1073 560 1113 und
590 1072 710 1123 fädeln
738 1072 812 1112 und
844 1072 974 1123 ſtutzen,

490 1134 579 1174 kann
607 1135 727 1185 laufen
756 1134 830 1174 und
862 1134 1023 1184 ſpringen

490 1197 562 1237 und
592 1197 713 1247 tanzen
741 1196 816 1236 und
849 1196 975 1246 ſingen,

490 1259 578 1299 kann
606 1259 729 1298 braten
759 1258 833 1298 und
865 1257 984 1308 kochen

491 1321 561 1360 das
592 1320 716 1371 Fleiſch
747 1320 821 1360 und
853 1320 908 1359 die
938 1319 1111 1369 Knochen.

475 1497 525 1546 7.
568 1493 1130 1562 Puppen⸗Geburtstag.

196 1610 357 1657 „Komm,
376 1609 563 1656 Gertrud,“
594 1608 686 1659 ſagte
707 1608 850 1648 Walter
869 1618 911 1658 zu
932 1607 1035 1658 ſeiner
1057 1607 1261 1657 Schweſter,
1286 1607 1372 1654 „wir
1392 1607 1519 1647 wollen

92 1672 236 1712 Mutter
265 1671 338 1711 und
370 1670 468 1711 Kind
502 1670 632 1721 ſpielen.
687 1670 755 1720 Ich
785 1670 848 1710 bin
877 1670 937 1710 der
963 1669 1083 1717 Vater,
1113 1669 1162 1709 du
1190 1669 1257 1720 biſt
1285 1669 1341 1709 die
1368 1667 1520 1716 Mutter,

92 1735 162 1775 und
197 1734 296 1774 deine
332 1732 467 1782 Puppe
506 1732 546 1782 iſt
583 1732 651 1772 das
685 1732 811 1772 Kind.“
847 1756 895 1758 —
932 1731 1052 1779 „Was
1091 1731 1153 1781 ſoll
1192 1730 1238 1781 ich
1278 1730 1371 1770 denn
1411 1730 1520 1781 ſein?“

93 1796 207 1846 fragte
235 1795 401 1844 Herbert,
438 1794 504 1844 „ich
538 1794 613 1833 will
645 1794 725 1844 auch
756 1793 985 1844 mitſpielen!“
1017 1817 1060 1820 —
1094 1793 1179 1841 „Du
1212 1792 1279 1843 biſt
1312 1793 1373 1832 der
1401 1791 1522 1839 Onkel,

92 1859 140 1898 du
167 1857 270 1908 mußt
299 1857 355 1897 bei
386 1867 461 1897 uns
491 1867 532 1907 zu
557 1855 685 1906 Beſuch
715 1855 898 1896 kommen.“
923 1880 973 1882 —

199 1920 286 1960 Das
314 1930 393 1959 war
423 1929 501 1959 nun
529 1918 622 1968 recht,
651 1918 722 1958 und
754 1918 796 1969 ſie
827 1918 968 1969 ſpielten
995 1916 1408 1968 Puppen⸗Geburtstag.
1455 1916 1524 1956 Ein

96 1982 271 2032 Brötchen
305 1992 384 2021 war
424 1981 484 2021 der
525 1979 904 2030 Geburtstagskuchen.
964 1980 1038 2020 Der
1077 1978 1318 2030 Sofaſchoner
1357 1988 1435 2018 war
1471 1977 1525 2018 die

94 2044 288 2095 Tiſchdecke.
333 2043 474 2084 Sieben
495 2043 734 2092 abgebrannte
757 2041 1014 2092 Streichhölzer
1034 2052 1153 2082 waren
1173 2041 1228 2081 die
1248 2040 1361 2091 ſieben
1381 2039 1523 2090 Lichter.

97 2106 236 2146 Walter
272 2104 413 2156 ſchenkte
441 2104 501 2144 der
531 2104 662 2154 Puppe
696 2105 751 2144 ein
783 2104 905 2154 Schiff
939 2114 1010 2144 aus
1045 2103 1195 2153 Papier,
1228 2102 1387 2142 Gertrud
1422 2101 1526 2151 nähte

96 2168 148 2219 ihr
182 2169 236 2208 ein
265 2167 386 2215 Kleid,
420 2166 494 2206 und
530 2165 675 2215 Herbert
707 2166 845 2216 brachte
874 2166 929 2216 ihr
958 2165 1024 2206 den
1052 2165 1317 2215 Hampelmann
1350 2164 1428 2212 mit,
1461 2163 1526 2203 den

97 2241 129 2271 er
167 2230 272 2281 ſelber
308 2240 351 2281 zu
398 2227 651 2278 Weihnachten
687 2228 886 2269 bekommen
925 2227 1031 2278 hatte.
1069 2251 1118 2254 —
1155 2227 1271 2267 Dann
1313 2225 1434 2275 mußte
1473 2225 1527 2265 die

99 2292 231 2343 Puppe
269 2292 337 2332 den
372 2289 697 2340 Geburtstagstiſch
731 2290 887 2341 beſehen,
924 2289 997 2329 und
1035 2289 1075 2340 ſie
1107 2288 1227 2338 mußte
1261 2288 1319 2338 ſich
1355 2286 1527 2328 bedanken

100 2354 168 2394 und
199 2354 317 2405 durfte
345 2353 411 2393 mit
439 2352 518 2392 dem
546 2351 809 2402 Hampelmann
839 2351 972 2402 ſpielen.
