1701 2660
588 233 688 274 Preis
712 231 811 271 dieſer
835 229 927 269 Fibel
952 226 1115 268 gebunden
1141 227 1180 257 85
1199 224 1257 265 Pf.

326 298 479 335 Ausgabe
502 298 561 330 Nr.
581 298 618 328 2:
645 294 704 327 mit
730 289 1082 333 Schwarzdruckbildern
1106 286 1200 327 koſtet
1224 286 1384 326 gebunden
1408 288 1447 318 65
1466 286 1520 327 Pf.

336 407 401 434 Alle
414 405 512 439 Rechte
526 404 575 439 auf
588 403 691 432 Grund
712 402 761 429 der
775 400 891 433 Geſetze,
907 397 1063 431 betreffend
1077 396 1131 424 das
1146 394 1342 429 Urheberrecht
1355 401 1392 422 an
1405 394 1514 422 Werken

338 459 397 487 und
417 458 534 486 Bildern
555 464 620 484 vom
641 457 687 483 19.
702 454 778 487 Juni
794 454 861 480 1901
884 451 941 479 und
963 457 1028 478 vom
1048 451 1075 478 9.
1089 450 1209 483 Januar
1225 449 1302 481 1907,
1324 446 1516 481 vorbehalten.

755 689 1110 742 Inhaltsüberſicht.

411 808 528 844 Gedichte
691 808 710 840 *,
733 807 822 833 Stücke
842 805 887 832 mit
906 804 1089 837 Abbildungen
1110 802 1163 836 ſind
1184 802 1257 835 durch
1280 798 1297 834 †
1318 798 1456 834 bezeichnet.
538 800 612 844 ſind
611 798 668 833 mit

859 883 918 904 Seite

1580 877 1639 898 Seite

329 923 357 956 I.
385 923 450 957 Der
475 919 696 964 einführende
721 919 806 954 Teil.

218 986 395 1025 Kinderſpiel
418 986 467 1024 auf
490 985 536 1016 der
563 984 682 1022 Straße.

219 1031 418 1070 Rotkäppchen.

221 1075 397 1106 Sterntaler.

220 1119 397 1158 Kinderſpiel
420 1119 457 1149 im
482 1118 592 1156 Freien.

326 1187 374 1220 II.
399 1188 465 1222 Der
490 1185 704 1229 aufbauende
729 1184 814 1219 Teil.

273 1253 304 1283 1.
329 1251 433 1289 Lange
457 1249 667 1289 Selbſtlaute:
694 1249 711 1286 i,
736 1257 762 1286 u,
788 1257 809 1286 e,
835 1248 866 1286 ei,

504 1304 527 1332 o,
553 1303 575 1332 a,
601 1302 646 1324 au.

222 1354 317 1393 Igel.
343 1352 485 1390 Wettlauf
498 1352 620 1390 zwiſchen
634 1351 706 1389 Igel
719 1359 745 1380 u.
760 1349 853 1387 Haſen
902 1352 915 1379 1

221 1398 300 1437 Uhr.
336 1397 399 1435 Zur
899 1396 914 1422 2
845 1418 849 1423 .
815 1419 818 1422 .
782 1419 785 1422 .
721 1419 724 1423 .
751 1419 755 1423 .
424 1396 526 1434 Schule
564 1420 567 1424 .
594 1420 598 1424 .
626 1420 630 1424 .
689 1419 693 1423 .
657 1420 661 1424 .

223 1442 307 1481 Eſel.
337 1440 457 1480 Gefährt
475 1440 513 1471 im
529 1439 725 1478 Zoologiſchen
743 1438 851 1468 Garten
899 1439 915 1467 3

223 1487 275 1517 Ei.
310 1485 423 1524 Oſterei
447 1485 484 1515 im
898 1484 915 1511 4
509 1484 614 1513 Garten
625 1508 629 1512 .
657 1509 661 1513 .
688 1508 692 1512 .
720 1508 724 1512 .
751 1508 754 1512 .
782 1508 786 1512 .
813 1507 817 1511 .
845 1507 848 1511 .

222 1531 323 1570 Ofen.
359 1530 415 1567 Am
750 1552 754 1556 .
720 1553 723 1556 .
689 1553 693 1556 .
656 1553 660 1557 .
624 1553 628 1557 .
593 1553 597 1557 .
563 1554 566 1557 .
440 1529 516 1567 Ofen
532 1554 536 1558 .
782 1552 785 1555 .
815 1552 817 1555 .
898 1528 913 1556 5
844 1552 847 1555 .

222 1575 298 1606 Aal.
332 1574 394 1605 Vor
417 1574 478 1604 dem
503 1573 658 1612 Fiſchladen
899 1574 916 1601 6
845 1596 849 1599 .
814 1596 818 1600 .
782 1596 785 1600 .
751 1597 755 1601 .
689 1597 693 1601 .
720 1597 724 1601 .

223 1619 323 1650 Auto.
360 1618 479 1657 Verkehr
504 1618 552 1656 auf
574 1618 621 1648 der
647 1616 757 1654 Straße
900 1618 915 1645 7
846 1641 850 1645 .
783 1641 787 1645 .
815 1641 819 1645 .

275 1692 307 1721 2.
332 1688 477 1721 Tönende
500 1686 775 1721 Dauermitlaute:
802 1695 829 1724 n,
853 1686 869 1724 ſ,

460 1742 496 1771 m,
521 1733 538 1771 l,
564 1741 584 1771 r,
609 1741 644 1769 w,
670 1732 688 1770 j.

223 1792 308 1830 Neſt.
345 1790 494 1829 Vogelneſt
518 1790 556 1820 im
581 1789 690 1819 Garten
904 1789 921 1817 8
850 1813 854 1816 .
820 1813 823 1817 .
788 1813 792 1817 .
726 1814 729 1818 .
757 1814 760 1818 .

225 1836 367 1867 Soldat.
789 1858 792 1861 .
821 1858 824 1861 .
905 1833 920 1861 9
851 1857 855 1861 .
757 1858 760 1861 .
726 1858 729 1862 .
695 1858 698 1862 .
662 1859 666 1863 .
404 1834 611 1871 Soldatenſpiel
630 1858 634 1863 .

225 1880 344 1911 Maus.
381 1879 435 1911 Im
884 1878 923 1906 10
852 1902 855 1906 .
822 1902 825 1905 .
788 1902 792 1906 .
757 1903 760 1906 .
726 1903 730 1907 .
695 1903 699 1906 .
630 1903 634 1907 .
662 1903 666 1907 .
598 1903 602 1907 .
459 1879 555 1909 Keller
567 1903 571 1907 .

225 1925 340 1955 Leine.
378 1923 438 1962 Auf
462 1924 508 1954 der
885 1922 923 1951 11
853 1946 857 1950 .
822 1946 826 1950 .
790 1947 794 1950 .
534 1922 643 1959 Straße
663 1948 667 1952 .
697 1948 700 1951 .
758 1947 761 1951 .
728 1948 731 1951 .

225 1969 321 2007 Roſe.
359 1967 577 2007 Blumenpflege
601 1967 640 1997 im
666 1967 759 2005 Hauſe
790 1991 795 1996 .
886 1967 924 1995 12
823 1991 825 1994 .
853 1990 857 1995 .

225 2013 366 2052 Wagen.
885 2011 924 2039 13
853 2035 857 2039 .
822 2035 826 2039 .
790 2035 794 2039 .
758 2035 762 2040 .
727 2037 731 2040 .
696 2037 699 2040 .
663 2037 667 2040 .
631 2037 635 2040 .
402 2011 588 2049 Kinderſpiele
599 2036 603 2041 .

224 2058 338 2097 Jäger
363 2057 428 2088 und
453 2056 546 2095 Haſe.
580 2055 635 2087 Im
789 2080 794 2085 .
886 2056 924 2084 14
822 2080 825 2084 .
853 2079 856 2083 .
661 2055 746 2092 Felde
757 2080 761 2084 .

418 2159 479 2192 III.
505 2158 566 2193 Die
591 2156 888 2201 Großbuchſtaben
912 2156 948 2191 in
974 2154 1124 2197 Schreib⸗
1151 2153 1219 2188 und
1246 2151 1461 2196 Druckſchrift.

224 2229 264 2250 Nr.
864 2227 925 2248 Seite

225 2267 254 2296 1.
279 2265 318 2297 D.
351 2265 436 2309 †Der
853 2289 857 2294 .
884 2265 921 2293 31
462 2265 538 2295 Dom
568 2289 572 2294 .
600 2290 603 2294 .
631 2290 635 2294 .
663 2290 666 2294 .
695 2289 699 2294 .
726 2290 729 2293 .
757 2289 760 2293 .
789 2289 792 2293 .
821 2289 824 2293 .

224 2311 254 2341 2.
277 2309 316 2349 O,
343 2301 383 2341 Ö.
416 2310 476 2340 Der
500 2309 586 2348 Ofen.
616 2309 688 2348 *†1,
714 2311 741 2347 2,
768 2310 795 2346 3,
821 2308 860 2338 alt

280 2353 311 2392 iſt
335 2354 405 2392 nicht
885 2353 924 2382 32
853 2377 857 2381 .
822 2377 826 2382 .
790 2378 794 2382 .
759 2377 764 2381 .
728 2378 732 2382 .
696 2378 700 2382 .
664 2379 668 2383 .
633 2378 637 2383 .
601 2378 605 2382 .
569 2378 574 2382 .
539 2378 543 2383 .
427 2362 482 2384 neu
508 2378 512 2383 .

954 2226 993 2247 Nr.
1082 2253 1097 2261 .
1587 2218 1643 2240 Seite

956 2264 983 2293 3.
1007 2262 1046 2302 A,
1074 2262 1114 2301 Ä,
1141 2261 1205 2293 Au.
1243 2261 1327 2300 †Der
1577 2281 1582 2286 .
1607 2256 1644 2285 33
1546 2283 1550 2287 .
1515 2283 1519 2288 .
1486 2283 1490 2288 .
1351 2259 1433 2297 Apfel
1455 2284 1459 2288 .

956 2309 983 2338 4.
1008 2306 1050 2338 G.
1088 2306 1178 2345 †Der
1608 2300 1643 2330 34
1424 2328 1428 2333 .
1454 2328 1459 2332 .
1486 2328 1490 2332 .
1516 2327 1520 2332 .
1577 2325 1582 2330 .
1546 2327 1551 2331 .
1393 2329 1397 2333 .
1361 2329 1366 2333 .
1205 2306 1312 2335 Garten
1331 2329 1335 2334 .

956 2353 984 2382 5,
1010 2351 1049 2391 S,
1076 2351 1146 2390 Sch.
1180 2350 1262 2389 †Die
1288 2349 1429 2380 Soldaten
1453 2372 1459 2378 .
1545 2371 1551 2377 .
1576 2369 1582 2375 .
1607 2344 1644 2374 35
1485 2372 1489 2377 .
1514 2371 1519 2376 .

952 1749 1098 1778 Dame—
1115 1744 1299 1782 Telephon.
1331 1742 1388 1773 Am
1411 1741 1554 1780 Telephon
1569 1765 1574 1771 .
1600 1742 1641 1770 24

952 1792 1104 1830 Geige—
1115 1790 1220 1828 Katze.
1257 1788 1303 1819 In
1325 1788 1372 1818 der
1540 1811 1545 1816 .
1571 1810 1576 1815 .
1602 1786 1641 1815 25
1398 1786 1491 1816 Stube
1509 1811 1513 1816 .

1540 1855 1544 1860 .
1571 1854 1576 1858 .
1602 1831 1642 1859 26
1478 1856 1482 1860 .
1508 1855 1512 1860 .
1284 1832 1433 1870 Haustiere
1447 1856 1451 1860 .
953 1837 1111 1866 Baum—
1122 1834 1246 1872 Pudel.

954 1881 1038 1920 Zug.
1075 1880 1152 1918 Zum
1176 1878 1259 1917 Zuge
1603 1875 1640 1904 27
1572 1899 1575 1902 .
1540 1900 1545 1904 .
1508 1900 1512 1904 .
1477 1900 1481 1904 .
1447 1900 1451 1904 .
1416 1900 1420 1904 .
1386 1901 1390 1905 .
1355 1901 1359 1905 .
1295 1902 1299 1906 .
1325 1903 1329 1907 .

956 1941 986 1970 7.
1010 1937 1050 1969 ie.
1089 1936 1147 1966 Die
1605 1932 1642 1961 28
1173 1935 1276 1972 Puppe
1295 1959 1299 1964 .
1326 1959 1330 1963 .
1356 1959 1360 1963 .
1388 1959 1392 1963 .
1418 1958 1422 1962 .
1448 1958 1452 1962 .
1479 1958 1483 1962 .
1510 1957 1513 1962 .
1573 1956 1577 1960 .
1541 1957 1545 1962 .

955 1997 987 2027 8.
1013 1994 1078 2034 Ich-
1099 1993 1164 2025 und
1185 1992 1327 2032 Achlaut.
1354 1992 1413 2022 Der
1431 1990 1555 2029 Drachen
1574 2013 1579 2019 .
1604 1989 1641 2018 29

955 2053 987 2084 9.
1012 2049 1258 2089 Wiederholung
1606 2046 1642 2075 30
1575 2070 1579 2074 .
1545 2071 1549 2076 .
1513 2072 1517 2076 .
1482 2072 1486 2076 .
1450 2072 1455 2077 .
1419 2073 1423 2077 .
1389 2073 1392 2077 .
1357 2073 1361 2078 .
1296 2074 1300 2079 .
1327 2074 1330 2078 .

987 1647 1018 1676 6.
1043 1643 1101 1676 Die
1126 1641 1396 1682 Verſchlußlaute:
1420 1641 1498 1678 d—t,
1522 1639 1603 1678 g—k,

1186 1688 1264 1725 b—p
1289 1686 1355 1724 (und
1381 1686 1414 1724 z).

944 1487 976 1517 5.
1001 1485 1057 1516 Die
1080 1483 1200 1516 kleinen
1225 1482 1380 1521 deutſchen
1400 1481 1574 1520 Druckbuch⸗

1002 1529 1107 1569 ſtaben
1136 1528 1189 1567 für
1218 1527 1269 1559 die
1298 1526 1348 1559 bis
1372 1526 1436 1565 jetzt
1460 1525 1574 1565 behan⸗

1000 1574 1104 1606 delten
1129 1573 1228 1605 Laute
1258 1597 1262 1601 .
1290 1597 1294 1601 .
1321 1596 1324 1600 .
1351 1596 1355 1600 .
1383 1596 1387 1600 .
1413 1596 1417 1600 .
1444 1596 1449 1600 .
1475 1595 1479 1600 .
1505 1596 1510 1600 .
1536 1572 1585 1607 22,
1601 1571 1638 1598 23

948 1371 1076 1409 Mühle.
1091 1370 1197 1407 Flöte.
1215 1368 1359 1406 Schäfer.
1379 1368 1438 1397 Der
1452 1366 1572 1397 Müller.

991 1416 1050 1445 Der
1076 1412 1262 1452 Hirtenknabe
1501 1436 1506 1441 .
1532 1413 1582 1447 20,
1598 1412 1635 1439 21
1471 1436 1474 1440 .
1440 1436 1443 1440 .
1410 1436 1414 1440 .
1379 1437 1383 1440 .
1348 1437 1352 1441 .
1288 1437 1292 1441 .
1318 1437 1322 1441 .

1066 1316 1097 1345 4.
1123 1313 1181 1345 Die
1205 1311 1369 1344 Umlaute:
1395 1312 1421 1348 ü,
1446 1311 1470 1348 ö,
1495 1311 1518 1340 ä.

948 1022 1059 1060 Jäger
1085 1021 1151 1051 und
1176 1019 1272 1057 Haſe.
1308 1019 1359 1050 Im
1506 1043 1511 1048 .
1537 1042 1542 1048 .
1569 1042 1574 1047 .
1603 1018 1639 1047 14
1385 1018 1467 1054 Felde
1475 1043 1479 1048 .

949 1075 1020 1096 neu.
1056 1066 1233 1103 Geburtstag
1602 1063 1638 1092 15
1259 1089 1264 1093 .
1290 1089 1294 1093 .
1321 1089 1325 1093 .
1351 1089 1355 1093 .
1382 1088 1386 1092 .
1413 1088 1416 1092 .
1443 1088 1447 1092 .
1474 1088 1477 1092 .
1504 1087 1508 1092 .
1535 1087 1539 1091 .
1567 1087 1571 1091 .

950 1111 1066 1148 Feuer.
1103 1110 1162 1140 Die
1185 1108 1352 1146 Feuerwehr
1602 1107 1639 1135 16
1384 1133 1388 1137 .
1415 1132 1419 1136 .
1445 1132 1449 1136 .
1476 1132 1479 1136 .
1506 1131 1510 1136 .
1537 1131 1541 1136 .
1568 1131 1572 1135 .

950 1155 1051 1194 weich.
1070 1155 1131 1185 Der
1145 1153 1332 1192 Obſthändler
1346 1152 1394 1191 auf
1406 1152 1451 1182 der
1466 1151 1574 1189 Straße
1602 1152 1638 1180 17

950 1200 1067 1238 Schiff.
1103 1199 1148 1229 In
1173 1198 1225 1228 den
1252 1197 1380 1235 Anlagen
1599 1196 1638 1224 18
1412 1221 1416 1225 .
1442 1221 1446 1225 .
1473 1221 1477 1225 .
1503 1220 1507 1224 .
1534 1220 1538 1224 .
1565 1220 1569 1224 .

948 1244 1017 1274 Eis.
1053 1243 1114 1281 Auf
1137 1243 1183 1273 der
1566 1264 1570 1269 .
1599 1240 1637 1268 19
1534 1265 1537 1269 .
1503 1265 1507 1269 .
1473 1265 1476 1269 .
1442 1265 1446 1269 .
1411 1265 1415 1269 .
1380 1266 1384 1270 .
1209 1241 1335 1278 Eisbahn
1349 1266 1353 1270 .

994 921 1024 951 3.
1050 918 1181 957 Tonloſe
1198 916 1467 949 Dauermitlaute:
1489 916 1513 954 h,
1531 916 1600 954 (eu),

1197 963 1216 1001 f,
1243 962 1276 1001 ch,
1301 962 1342 1001 ſch,
1367 970 1392 992 s.
