1734 2672
659 199 706 201 —
763 176 810 211 73
865 198 916 200 —

603 281 686 332 10.
730 279 811 334 So
854 277 972 333 lieb!

387 388 419 425 1.
448 384 518 436 Ich
549 384 640 435 habe
669 385 778 436 nichts
809 384 843 435 ſo
874 385 953 433 lieb,
984 384 1018 436 ſo
1048 384 1115 425 lieb

331 456 398 496 wie
426 455 510 507 dich,
538 456 629 496 mein
658 455 884 511 Mütterlein,

333 538 371 567 es
400 526 523 577 müßte
551 527 642 567 denn
670 527 729 567 der
758 526 846 566 liebe
875 525 971 567 Gott

333 598 381 638 im
411 597 567 647 Himmel
595 598 729 638 droben
759 597 834 648 ſein.

391 706 425 743 2.
455 703 540 743 Den
568 702 643 743 lieb’
672 703 728 754 ich,
757 703 838 743 weil
868 713 903 743 er
931 702 1003 753 dich
1033 703 1098 742 mir
1128 702 1208 752 gab,

337 774 410 815 und
440 774 522 814 weil
551 785 584 814 er
611 774 676 814 mir
705 773 820 824 erhält

336 846 407 885 das
437 845 615 896 allerbeſte
645 844 862 885 Mütterlein

338 916 403 967 auf
431 916 559 964 weiter,
588 915 704 955 weiter
735 914 844 955 Welt.

298 1077 386 1126 11.
432 1073 566 1142 Zum
606 1071 935 1139 Geburtstage
974 1071 1056 1126 des
1096 1071 1293 1126 Vaters.

410 1187 536 1228 Lieber
564 1186 684 1235 Vater,
713 1186 760 1237 ich
790 1187 915 1237 bringe
945 1186 1016 1226 Dir

405 1260 542 1299 meinen
571 1257 738 1309 ſchönſten
765 1256 1009 1308 Glückwunſch
1039 1256 1126 1306 hier:

409 1329 504 1370 Will
535 1329 620 1379 Dich
651 1330 770 1369 immer
799 1328 938 1379 herzlich
970 1328 1095 1368 lieben!

407 1399 506 1450 Hab'
534 1400 610 1439 dies
639 1399 814 1449 Verschen
845 1398 942 1449 ſelbſt
972 1397 1187 1448 geſchrieben.

407 1470 573 1520 Möchte
585 1481 622 1510 es
653 1469 739 1519 Dich
770 1469 854 1519 doch
885 1469 1038 1519 erfreun!

409 1541 566 1591 Künftig
594 1540 697 1590 Jahr
728 1540 822 1590 ſoll's
851 1539 957 1590 beſſer
988 1539 1062 1589 ſein.

404 1708 491 1757 12.
531 1706 631 1761 Der
670 1704 822 1760 Vater
861 1703 927 1758 im
970 1702 1193 1771 Himmel.

304 1815 337 1851 1.
366 1811 449 1851 Aus
480 1811 557 1851 dem
586 1810 737 1860 Himmel
765 1810 867 1860 ferne,
897 1819 955 1849 wo
987 1809 1042 1848 die
1071 1808 1223 1858 Englein
1253 1804 1336 1858 ſind,

244 1877 369 1933 ſchaut
386 1881 471 1931 doch
504 1880 596 1921 Gott
626 1880 659 1931 ſo
690 1891 790 1931 gerne
819 1879 879 1929 her
909 1879 975 1929 auf
1002 1878 1097 1928 jedes
1125 1879 1234 1919 Kind.

302 1973 335 2009 2.
364 1969 479 2019 Höret
510 1969 594 2020 ſeine
624 1968 726 2008 Bitte
753 1968 829 2008 treu
858 1967 913 2007 bei
942 1966 1026 2016 Tag
1054 1967 1127 2007 und
1157 1965 1278 2015 Naht,

250 2040 405 2080 nimmt's
432 2040 488 2080 bei
517 2039 624 2089 jedem
653 2038 810 2088 Schritte
838 2036 1002 2086 väterlich
1030 2037 1066 2077 in
1095 2036 1177 2086 acht.

305 2130 338 2167 3.
367 2126 460 2167 Gibt
488 2127 552 2167 mit
579 2125 835 2176 Vaterhänden
863 2124 937 2174 ihm
967 2124 1034 2174 ſein
1061 2123 1186 2174 täglich
1217 2122 1325 2170 Brot,

250 2198 333 2248 hilft
363 2208 411 2237 an
440 2197 536 2237 allen
562 2196 685 2237 Enden
712 2196 785 2247 ihm
815 2206 887 2236 aus
915 2193 1030 2245 Angſt
1057 2194 1129 2234 und
1159 2193 1244 2234 Not.

305 2289 339 2325 4.
369 2284 510 2335 Sagt's
539 2284 605 2324 den
631 2284 790 2324 Kindern
820 2283 923 2330 allen,
950 2281 1022 2331 daß
1052 2282 1106 2322 ein
1131 2281 1226 2322 Vater
1227 2280 1320 2331 iſt,

251 2357 328 2396 dem
357 2355 401 2405 ſie
426 2354 686 2404 wohlgefallen,
713 2354 772 2393 der
802 2353 845 2403 ſie
870 2353 927 2392 nie
952 2351 1100 2402 vergißt.
