1703 2656
1329 656 1579 765 leer,

784 193 835 197 —
888 171 936 207 60
989 193 1035 196 —

596 286 767 316 aa
1077 284 1206 315 oo
837 286 980 315 ee

204 177 290 228 30.

297 369 569 526 Haar,
659 366 915 480 Saal,
980 366 1196 479 Aal,
1256 364 1503 476 Saat,

512 512 874 665 Kaffee,
253 517 440 629 Tee,
1303 510 1566 621 Beet,
948 512 1263 669 Schnee,

1120 803 1406 902 Moor.
791 804 1052 919 Boot,
453 805 746 922 Moos,

277 656 483 774 See,
561 659 872 771 Meer,
935 659 1290 768 Beere,

460 1047 603 1094 Wenn
639 1046 724 1093 das
760 1044 1170 1105 Schneeglöckchen
1204 1043 1358 1091 läutet.

318 1148 394 1188 Der
422 1147 561 1187 Winter
589 1147 665 1187 will
694 1146 781 1196 nicht
809 1144 1011 1196 fortgehen.
1069 1144 1180 1184 Unter
1210 1145 1286 1184 dem
1316 1143 1449 1193 Schnee
1477 1142 1620 1193 ſchlafen

210 1218 293 1268 noch
329 1218 397 1258 alle
431 1217 593 1257 Blumen.
656 1217 720 1256 Da
753 1215 898 1265 erwacht
930 1215 1035 1266 zuerſt
1069 1215 1139 1255 das
1174 1213 1508 1265 Schneeglöckchen.
1565 1212 1620 1252 Es

208 1288 322 1338 ſchaut
356 1288 414 1338 ſich
443 1287 692 1327 verwundert
720 1297 778 1326 um
807 1286 878 1326 und
908 1286 1011 1336 fängt
1040 1295 1087 1324 an
1117 1295 1204 1335 ganz
1233 1284 1308 1335 leiſe
1334 1294 1375 1334 zu
1402 1283 1530 1323 läuten.

315 1357 402 1398 Nun
429 1357 515 1408 zieht
543 1357 603 1397 der
634 1356 827 1406 Frühling
855 1356 913 1395 ins
944 1354 1046 1395 Land
1078 1355 1140 1394 ein.
1197 1354 1248 1394 Er
1282 1354 1384 1394 treibt
1411 1353 1476 1392 den
1508 1351 1618 1392 kalten

210 1428 353 1468 Winter
388 1428 450 1467 mit
487 1427 622 1477 Schnee
660 1426 732 1466 und
774 1425 840 1465 Eis
877 1425 1005 1465 davon.
1068 1424 1132 1464 Da
1170 1424 1341 1474 erwachen
1378 1423 1445 1463 alle
1484 1422 1618 1462 andern

209 1498 601 1548 Frühlingsblumen.
650 1496 726 1546 Auf
753 1496 820 1536 den
847 1494 1141 1535 Gartenbeeten
1169 1494 1284 1544 ſtecken
1308 1492 1457 1540 Krokus,
1476 1492 1618 1543 Tulpen

209 1569 282 1608 und
312 1567 515 1619 Narziſſen
548 1567 621 1617 ihre
651 1566 844 1617 Köpfchen
876 1575 945 1605 aus
979 1565 1036 1604 der
1072 1564 1166 1604 Erde
1197 1564 1333 1614 hervor.
1389 1562 1455 1603 Im
1484 1561 1618 1612 Mooſe

209 1637 315 1688 blüht
343 1637 492 1688 verſteckt
520 1638 588 1678 das
619 1637 727 1677 blaue
744 1635 912 1686 Veilchen.
959 1635 1029 1674 Die
1054 1633 1169 1684 Wieſe
1197 1634 1286 1674 wird
1316 1644 1402 1684 ganz
1428 1633 1517 1673 bunt
1543 1643 1618 1672 von

209 1707 375 1748 Blumen.
437 1707 520 1747 Und
558 1707 613 1747 die
651 1707 777 1747 kleinen
811 1704 990 1755 Mädchen
1026 1705 1150 1755 tanzen
1186 1704 1253 1744 den
1285 1701 1519 1753 Ringelreih'n
1554 1702 1619 1741 mit

208 1779 372 1829 Kränzen
399 1778 444 1817 im
473 1776 584 1827 Haar.

314 1847 391 1899 Auf
419 1848 495 1888 dem
525 1846 632 1896 Felde
661 1847 768 1896 grünt
797 1846 851 1886 die
877 1845 983 1895 junge
1012 1844 1127 1884 Saat.
1173 1843 1243 1884 Im
1263 1843 1348 1884 Klee
1378 1842 1533 1892 ſpringen
1563 1842 1617 1880 die

208 1918 342 1968 weißen
373 1917 584 1967 Lämmchen.
642 1916 728 1956 Das
764 1915 872 1966 große
901 1915 990 1964 Heer
1023 1914 1083 1954 der
1110 1912 1230 1964 Vögel
1262 1913 1386 1953 kommt
1418 1912 1544 1952 wieder
1576 1922 1618 1962 zu

208 2000 289 2029 uns.
347 1988 416 2028 Die
446 1987 566 2037 Lerche
593 1986 720 2026 trillert
749 1986 845 2037 ſchon
872 1985 955 2035 hoch
989 1985 1025 2024 in
1058 1984 1117 2023 der
1147 1982 1248 2033 Luft.
1303 1983 1403 2023 Alles
1435 1982 1526 2033 freut
1560 1981 1619 2033 ſich

208 2059 256 2099 im
287 2058 425 2109 ſchönen
454 2057 673 2107 Frühlinge.
731 2056 802 2096 Die
830 2056 960 2096 Sonne
989 2054 1107 2105 ſcheint
1137 2053 1170 2104 ſo
1201 2063 1312 2093 warm
1340 2053 1413 2093 und
1446 2053 1519 2103 ruft
1553 2052 1619 2092 den

209 2129 370 2169 Kindern
397 2139 447 2179 zu:

633 2196 729 2246 „Ihr
758 2195 937 2246 Mädchen
966 2195 1037 2235 und
1069 2194 1211 2242 Buben,

633 2267 765 2316 heraus
796 2276 863 2306 aus
893 2266 957 2305 den
987 2264 1153 2304 Stuben!

636 2337 712 2377 Der
741 2335 929 2386 Frühling
958 2335 998 2386 iſt
1026 2335 1111 2375 da!“
