1734 2666
665 189 715 193 —
768 166 818 201 43
872 187 925 191 —

90 246 166 297 13.

233 323 358 421 p
366 271 487 425 P
482 269 685 430 pf
633 266 848 426 Pſ

901 314 945 397 p
1008 294 1084 398 P
1141 293 1219 397 pf
1277 294 1387 398 Pſ

88 518 210 588 Poſt
418 516 602 586 Paket
732 518 979 588 Peitſche
1135 519 1512 589 Poſtkutſcher

89 623 229 694 Paul
419 622 616 691 Pudel
732 624 1017 693 Papagei
1138 625 1381 694 Polizei

89 729 298 798 Pferde
420 728 614 797 Pfeife
732 729 957 798 Pfeiler
1138 731 1316 799 Pfote

91 834 229 903 Napf
418 834 561 902 Topf
733 836 873 904 Zopf
1139 836 1331 905 Schopf

526 1797 633 1852 Der
670 1797 1098 1867 Paketwagen.

110 1920 284 1977 Da
322 1921 491 1976 unten
531 1920 634 1989 hält
671 1921 720 1989 ja
757 1920 835 1975 der
869 1920 1261 1989 Paketwagen.
1329 1919 1521 1998 Mache

96 2018 252 2087 ſchnell
301 2018 408 2086 auf!
488 2019 591 2073 Der
636 2017 907 2087 Poſtbote
950 2017 1007 2086 iſt
1049 2017 1124 2073 da.
1208 2016 1374 2086 Schau
1413 2029 1517 2084 nur,

98 2115 298 2183 Paula,
338 2113 417 2169 ein
447 2114 612 2182 Paket
648 2129 705 2183 zu
740 2114 941 2169 deinem
979 2113 1353 2181 Geburtstage.
1410 2112 1521 2169 Wir

96 2211 287 2267 wollen
339 2224 390 2265 es
442 2209 559 2279 raſch
612 2210 934 2281 aufmachen.
1026 2210 1108 2278 Ei,
1163 2210 1253 2279 ſieh
1304 2223 1397 2265 nur
1448 2209 1522 2264 die

98 2307 266 2377 schöne
307 2308 521 2376 Puppe.
598 2307 680 2361 Da
715 2307 878 2376 kannſt
916 2307 981 2362 du
1019 2306 1111 2375 dich
1153 2306 1280 2361 aber
1319 2306 1518 2374 freuen!
