1712 2655
645 189 693 192 —
749 165 798 200 83
859 187 901 190 —

242 274 360 345 Im
409 270 667 358 Wechſel
712 269 815 339 der
867 264 1313 355 Jahreszeiten.

572 463 661 512 32.
700 456 984 523 Frühling.

535 557 612 607 Ihr
639 556 791 603 Kinder,
824 555 975 605 heraus,

486 619 620 669 heraus
649 628 720 656 aus
749 617 828 654 dem
858 616 988 669 Haus!

486 680 631 732 Heraus
660 689 731 716 aus
760 677 827 715 den
857 674 1014 724 Stuben,

485 739 543 788 ihr
571 737 756 787 Mädchen
786 737 860 775 und
890 735 1047 775 Buben!

589 797 919 849 Juchheiſaſſaſſa!

488 861 559 899 Der
587 859 781 911 Frühling,
814 859 874 896 der
903 856 1095 908 Frühling,

590 921 649 958 der
677 918 861 970 Frühling
889 918 930 967 iſt
958 918 1022 955 da!

532 1066 617 1114 33.
657 1061 781 1115 Das
823 1059 1044 1125 Oſterei.

493 1160 558 1213 Hei
586 1158 742 1210 juchhei!
790 1158 947 1197 Kommt
976 1155 1114 1206 herbei!

441 1220 584 1269 Suchen
613 1219 682 1257 wir
710 1220 777 1258 das
808 1217 970 1267 Oſterei!

442 1280 676 1330 Immerfort,
708 1279 784 1328 hier
814 1278 887 1316 und
917 1277 997 1315 dort

444 1341 516 1379 und
545 1352 592 1379 an
621 1340 732 1389 jedem
762 1339 855 1377 Ort.

497 1444 556 1493 Iſt
584 1455 622 1481 es
651 1442 738 1491 noch
769 1442 806 1491 ſo
836 1443 902 1491 gut
931 1438 1098 1488 verſteckt,

446 1503 577 1552 endlich
607 1503 696 1541 wird
725 1514 763 1540 es
793 1500 878 1550 doch
908 1499 1068 1538 entdeckt.

448 1564 535 1616 Hier
564 1563 619 1601 ein
649 1562 708 1611 Ei,
739 1562 819 1600 dort
848 1561 904 1598 ein
935 1560 983 1599 Ei
1010 1583 1059 1586 —

449 1623 532 1662 bald
560 1623 669 1673 ſind's
697 1621 784 1672 zwei
814 1621 886 1659 und
917 1620 1008 1658 drei!

282 1771 371 1820 34.
412 1766 522 1820 Der
559 1764 735 1834 April,
779 1763 864 1817 ein
901 1759 1309 1829 Spaßmacher.

190 1867 262 1905 Der
282 1864 396 1915 April
416 1864 456 1914 iſt
476 1863 533 1901 ein
552 1862 682 1911 rechter
697 1860 966 1912 Spaßmacher.
1008 1858 1136 1909 Zuerſt
1150 1856 1279 1908 ſcheint
1293 1856 1348 1894 die
1367 1854 1507 1904 Sonne,

90 1927 160 1966 und
194 1927 260 1965 alle
290 1926 395 1964 Leute
429 1923 541 1974 gehen
576 1934 664 1972 aus,
700 1922 772 1960 und
802 1922 869 1970 auf
899 1919 1034 1958 einmal
1062 1917 1172 1969 gibt’s
1201 1917 1305 1955 einen
1335 1915 1510 1965 tüchtigen

89 1986 380 2037 Regenſchauer.
442 1984 520 2023 Am
561 1983 697 2022 andern
730 1982 899 2031 Morgen
933 1980 973 2030 iſt
1006 1979 1059 2017 die
1091 1976 1227 2028 Straße
1261 1975 1372 2026 weiß.
1414 1974 1513 2013 Wir

91 2047 196 2097 holen
224 2047 358 2096 unſern
377 2044 552 2094 Schlitten
581 2054 652 2082 aus
681 2043 759 2080 dem
778 2041 912 2090 Keller,
945 2040 1017 2078 und
1043 2040 1149 2077 kaum
1168 2037 1241 2088 ſind
1261 2036 1333 2075 wir
1354 2034 1513 2086 draußen

92 2107 217 2157 damit,
249 2107 348 2145 dann
379 2104 533 2155 ſchmilzt
560 2104 613 2142 die
641 2103 771 2143 Sonne
800 2100 899 2150 raſch
928 2101 994 2138 den
1022 2098 1171 2148 Schnee,
1203 2097 1278 2136 und
1307 2096 1376 2134 das
1406 2095 1514 2144 Eiſen

93 2168 226 2218 ſchurrt
262 2166 330 2216 auf
358 2166 437 2204 dem
466 2165 631 2216 Pflaſter,
662 2163 735 2202 und
765 2161 836 2200 wir
865 2159 1001 2211 müſſen
1030 2158 1222 2209 aufhören.
1270 2156 1354 2206 Auf
1382 2154 1515 2193 einmal

94 2230 228 2267 kommt
257 2227 313 2266 ein
334 2226 462 2274 Wind,
494 2225 566 2263 und
595 2224 659 2262 den
680 2224 810 2262 Leuten
839 2221 969 2271 fliegen
998 2220 1050 2258 die
1069 2220 1163 2272 Hüte
1191 2229 1276 2256 vom
1296 2215 1413 2266 Kopf,
1443 2215 1515 2253 und

94 2287 339 2340 Papierſtücke
375 2289 502 2336 tanzen
534 2283 638 2333 durch
667 2284 721 2322 die
987 2281 1061 2330 Ja,
1103 2291 1138 2317 er
1166 2279 1205 2329 iſt
1234 2277 1291 2316 ein
1321 2275 1516 2326 ſchlimmer
751 2282 833 2330 Luft
855 2311 863 2320 .
889 2310 897 2319 .
923 2310 929 2318 .

94 2347 360 2399 Spaßmacher.
