1716 2678
650 196 699 199 —
756 173 803 208 91
859 193 910 198 —

66 282 166 321 einen
196 279 310 319 dicken
331 278 447 329 Schal
476 290 538 317 um
566 277 620 315 die
640 274 776 326 Ohren
806 274 881 314 und
910 273 983 325 gab
1011 272 1088 323 ihm
1117 271 1210 322 ſeine
1238 282 1356 310 neuen
1375 269 1497 323 Hand⸗

65 341 204 394 ſchuhe.
266 341 350 380 Und
384 340 484 379 dann
521 338 643 389 ging's
681 336 836 387 hinaus.
899 334 996 385 Ach,
1033 334 1078 373 da
1113 345 1194 372 war
1226 331 1264 383 ja
1300 330 1389 381 auch
1425 329 1498 381 ſein

65 402 207 455 Freund
228 401 351 450 Ernſt.
401 400 545 450 „Ernſt,
575 398 627 448 ich
655 396 742 447 hab'
771 396 915 435 meinen
935 394 1124 445 Schlitten,
1155 393 1229 444 zieh
1259 391 1350 442 mich
1379 390 1495 430 mal!“

65 464 133 515 rief
151 462 328 513 Johann.
375 461 458 500 Und
480 460 586 510 Ernſt
615 460 693 498 kam
722 457 796 496 und
825 469 893 508 zog
920 455 999 506 ihn.
1048 455 1090 494 O
1120 454 1189 493 wie
1218 452 1355 503 tüchtig
1375 453 1499 491 konnte

67 538 102 564 er
130 524 273 574 laufen!
323 523 366 562 O
396 521 466 561 wie
495 525 550 560 rot
578 531 703 559 waren
733 518 789 557 die
809 517 976 557 Backen!
1026 516 1067 554 O
1098 515 1167 554 wie
1196 513 1307 563 weich
1338 525 1418 552 war
1441 513 1500 551 der

66 585 221 635 Schnee!
250 584 293 623 O
315 583 384 622 wie
406 582 532 633 ſchnell
556 583 630 633 flog
649 582 709 619 der
729 579 909 629 Schlitten
929 576 1060 627 dahin!
1076 600 1128 603 —
1142 574 1247 614 Aber
1263 587 1325 614 am
1340 574 1497 623 Mittag,

66 646 124 686 als
149 645 312 696 Johann
341 643 431 694 nach
452 643 573 697 Hauſe
602 643 680 681 kam
709 644 783 680 und
813 639 879 690 ſich
907 650 950 689 zu
975 637 1078 688 Tiſch
1104 637 1209 688 ſetzte,
1241 636 1287 675 da
1315 636 1441 674 konnte
1464 646 1500 672 er

67 706 159 756 nicht
188 706 242 745 die
267 704 393 745 Gabel
422 704 557 754 halten,
589 703 626 754 ſo
654 701 730 753 ſteif
758 712 886 740 waren
917 699 1009 749 ſeine
1033 697 1168 750 Finger
1192 697 1378 747 gefroren.
1420 694 1501 734 Und

68 768 222 818 hundert
250 765 401 806 Nadeln
431 765 565 815 ſtachen
594 763 719 802 darin!
778 762 835 801 Es
865 772 947 799 war
976 758 1062 798 aber
1091 757 1178 807 auch
1207 769 1250 808 zu
1279 756 1368 796 kalt!

442 993 530 1044 51.
569 989 676 1043 Der
714 986 1128 1053 Schneemann.

437 1104 465 1153 1.
496 1103 587 1153 Seht
615 1104 679 1142 den
707 1104 853 1152 Mann,
886 1113 906 1140 o
937 1098 1048 1151 große
1075 1098 1175 1137 Not!

385 1164 470 1204 Wie
498 1177 534 1203 er
562 1163 626 1203 mit
653 1164 731 1202 dem
760 1162 886 1203 Stocke
915 1160 1033 1210 droht,

391 1226 526 1275 geſtern
555 1224 657 1274 ſchon
686 1224 759 1263 und
790 1223 894 1273 heute
922 1220 1034 1270 noch!

387 1285 491 1325 Aber
520 1285 676 1324 niemals
706 1284 841 1334 ſchlägt
870 1295 907 1321 er
935 1281 1033 1331 doch.

388 1345 657 1396 Schneemann,
689 1344 753 1395 biſt
783 1344 841 1382 ein
869 1354 990 1382 armer
1017 1340 1147 1391 Wicht,

388 1406 466 1456 haſt
494 1406 558 1444 den
587 1405 692 1444 Stock
720 1404 795 1443 und
825 1403 953 1453 wehrſt
982 1400 1054 1451 dich
1083 1400 1190 1450 nicht.

442 1535 482 1574 2.
513 1534 659 1585 Freilich
688 1534 762 1584 iſt's
792 1534 848 1572 ein
877 1544 997 1572 armer
1026 1532 1167 1581 Mann,

390 1596 452 1634 der
480 1593 573 1644 nicht
603 1594 764 1645 ſchlagen
792 1593 881 1642 noch
910 1592 1034 1643 laufen
1063 1591 1179 1638 kann;

390 1654 630 1706 ſchleierweiß
658 1655 698 1705 iſt
727 1654 800 1704 ſein
832 1653 994 1704 Geſicht!

390 1715 495 1755 Liebe
523 1715 663 1766 Sonne,
695 1714 829 1765 ſcheine
857 1725 928 1753 nur
956 1712 1061 1762 nicht,

393 1777 488 1827 ſonſt
517 1775 607 1814 wird
636 1788 672 1814 er
700 1775 770 1814 wie
800 1775 937 1813 Butter
964 1772 1072 1822 weich

393 1837 467 1876 und
496 1835 651 1887 zerfließt
679 1835 748 1874 wie
777 1834 921 1885 Waſſer
949 1832 1071 1884 gleich.

491 2055 573 2105 52.
613 2050 799 2106 Wenn
838 2064 899 2103 es
937 2047 1099 2116 friert.

129 2172 220 2211 Nun
249 2171 289 2221 iſt
317 2182 357 2210 es
388 2170 492 2220 harte
520 2169 764 2220 Winterszeit,
796 2168 851 2206 die
879 2167 1014 2206 kleinen
1041 2166 1157 2217 Vögel
1185 2165 1333 2216 frieren,

81 2231 132 2271 die
164 2231 303 2281 Dächer
339 2230 407 2270 alle
443 2229 518 2281 ſind
552 2228 738 2279 beſchneit,
775 2229 849 2267 und
884 2226 1022 2276 Schnee
1054 2226 1138 2277 liegt
1171 2238 1240 2265 vor
1272 2226 1340 2264 den
1368 2225 1505 2263 Türen.

80 2292 171 2332 Nun
202 2292 243 2340 iſt
276 2290 377 2341 wohl
413 2290 453 2329 in
488 2291 547 2329 der
581 2301 716 2340 ganzen
750 2289 864 2329 Stadt
900 2289 937 2338 ſo
973 2290 1037 2338 gut
1068 2286 1185 2336 nichts
1220 2287 1294 2325 und
1329 2286 1366 2335 ſo
1398 2287 1504 2335 nütze,

82 2352 138 2390 als
167 2351 237 2396 daß
266 2363 354 2390 man
382 2350 470 2390 dicke
498 2349 728 2400 Handſchuh'
757 2349 821 2399 hat
850 2348 923 2387 und
953 2347 1029 2386 eine
1058 2359 1196 2386 warme
1225 2347 1439 2400 Mütze.
