1716 2664
798 194 844 197 —
900 173 946 207 82
1002 194 1047 197 —

519 279 604 328 30.
646 273 839 343 Spielet
875 272 994 343 nicht
1030 272 1119 328 mit
1158 273 1337 341 Feuer!

774 1512 858 1561 31.
900 1506 1075 1576 Rätſel.

485 1623 551 1663 Im
579 1623 681 1674 Ofen
709 1623 750 1673 iſt
779 1622 846 1673 ſein
873 1621 1099 1672 Aufenthalt;

484 1689 603 1740 freſſen
631 1688 750 1729 kann's
780 1689 875 1728 einen
905 1699 1033 1739 ganzen
1063 1687 1188 1728 Wald.

487 1756 567 1796 Mit
598 1755 737 1806 Waſſer
766 1755 875 1805 macht
903 1755 1015 1794 man's
1044 1754 1234 1805 mauſetot;

483 1823 590 1862 wen's
619 1821 722 1871 beißt,
751 1821 811 1861 der
839 1821 939 1861 leidet
969 1821 1131 1871 Schmerz
1159 1820 1232 1860 und
1263 1819 1344 1860 Not.

564 2012 642 2053 Bin
670 2011 715 2062 ich
745 2022 865 2059 warm,
894 2011 964 2062 iſt's
993 2011 1153 2061 draußen
1181 2010 1258 2059 kalt,

564 2079 663 2119 dann
691 2078 823 2129 beſucht
849 2078 930 2128 mich
959 2078 1044 2129 jung
1074 2077 1147 2117 und
1179 2077 1241 2117 alt.

513 2278 605 2329 Sitzt
635 2277 725 2317 einer
754 2277 818 2327 auf
845 2277 919 2317 dem
950 2276 1067 2327 Dache
1096 2277 1168 2317 und
1198 2276 1324 2327 raucht,

513 2345 571 2386 der
598 2345 713 2386 weder
744 2344 862 2396 Pfeife
890 2343 971 2394 noch
1000 2342 1126 2384 Tabak
1155 2343 1306 2393 braucht.

324 391 398 431 Der
432 390 532 431 kleine
566 389 671 440 Paul
704 388 767 440 hat
801 388 933 436 einmal,
968 388 1025 428 als
1061 398 1095 428 er
1131 387 1237 427 allein
1269 397 1353 435 war,
1381 387 1444 427 mit
1474 387 1626 437 Streich⸗

217 458 356 509 hölzern
391 456 536 508 geſpielt.
591 455 678 496 Das
713 454 835 504 hatten
868 453 939 504 ihm
972 453 1084 494 Vater
1124 453 1197 493 und
1227 451 1370 493 Mutter
1408 453 1518 504 ſtreng
1555 463 1628 493 ver⸗

217 524 332 565 boten.
389 522 509 573 Weißt
538 523 594 570 du,
623 531 706 561 was
734 520 806 570 ihm
835 520 1008 572 geſchehen
1035 520 1102 571 iſt?

325 597 375 638 Er
411 597 474 647 hat
516 597 575 648 ſich
620 596 677 636 die
716 595 846 645 Finger
884 595 1087 643 verbrannt,
1127 594 1199 634 und
1239 594 1295 634 als
1333 605 1366 635 er
1404 594 1520 645 ſchnell
1558 594 1628 633 das

220 663 437 715 Streichholz
471 662 650 713 wegwarf,
690 662 730 713 iſt
763 672 801 701 es
834 661 897 712 auf
930 661 998 701 das
1033 660 1122 701 Bett
1156 660 1314 711 gefallen.
1376 660 1460 700 Das
1492 659 1556 709 hat
1588 669 1629 710 zu

218 731 370 771 brennen
399 729 626 780 angefangen.
685 727 787 778 Paul
815 726 877 776 hat
905 727 981 767 laut
1010 726 1208 777 geſchrieen;
1245 726 1292 766 da
1321 726 1391 777 ſind
1420 737 1494 776 zum
1522 724 1629 765 Glück

219 796 301 847 noch
331 795 518 846 Nachbarn
546 795 636 845 dazu
666 793 860 844 gekommen
887 793 959 833 und
988 792 1104 842 haben
1132 792 1201 832 das
1233 791 1344 840 Feuer
1372 791 1522 843 gelöſcht.

324 870 420 911 Aber
449 870 572 920 Pauls
601 869 724 917 Vater,
753 868 813 908 der
841 878 897 908 am
926 867 1049 908 Abend
1078 866 1183 907 müde
1210 877 1284 907 von
1312 866 1370 907 der
1393 866 1516 907 Arbeit
1544 866 1627 916 nach

220 937 339 988 Hauſe
372 936 453 984 kam,
490 935 553 985 hat
588 935 646 987 ſich
682 934 769 984 nicht
802 934 837 974 in
870 934 939 974 das
970 932 1056 973 Bett
1089 933 1187 983 legen
1219 932 1357 979 können,
1385 932 1463 972 weil
1490 943 1528 972 es
1555 942 1629 972 ver⸗

220 1004 352 1044 brannt
386 1012 470 1051 war,
504 1001 575 1041 und
614 1000 679 1050 hat
715 1011 761 1040 an
796 1000 854 1040 der
888 999 980 1040 Erde
1015 999 1159 1051 ſchlafen
1192 999 1329 1050 müſſen.
1387 999 1455 1039 Die
1483 997 1629 1038 Mutter

220 1070 285 1120 hat
311 1069 381 1109 viel
409 1067 562 1118 geweint.

328 1142 430 1193 Paul
458 1142 528 1182 und
559 1141 645 1193 ſeine
675 1141 891 1192 Geſchwiſter
920 1140 1035 1189 haben
1064 1140 1148 1190 au
1178 1139 1288 1190 nichts
1315 1150 1356 1190 zu
1380 1139 1628 1189 Weihnachten

220 1209 423 1257 bekommen,
451 1208 529 1248 weil
556 1208 611 1247 die
641 1207 763 1248 Eltern
792 1208 845 1247 ein
872 1217 976 1247 neues
1006 1205 1094 1246 Bett
1122 1205 1245 1257 kaufen
1273 1205 1421 1255 mußten.

326 1284 436 1333 Hüte
468 1282 545 1333 dich
579 1292 656 1322 vor
689 1282 773 1322 dem
804 1281 946 1330 Feuer,
980 1281 1111 1321 liebes
1141 1280 1267 1328 Kind,
1296 1280 1375 1320 und
1406 1280 1456 1330 ſei
1484 1280 1627 1319 deinen

220 1351 366 1390 Eltern
394 1350 527 1389 immer
557 1348 785 1399 gehorſam!
