1740 2676
669 210 712 214 —
773 188 819 223 87
876 209 928 212 —

554 294 643 344 45.
683 290 793 345 Der
831 288 1036 357 Froſch.

189 396 217 445 1.
247 396 320 446 Im
337 394 468 444 Teiche
488 393 645 444 wohnen
665 392 789 443 luſtige
804 391 1055 441 Muſikanten.
1084 390 1165 429 Das
1185 389 1259 440 ſind
1280 388 1334 427 die
1350 387 1511 440 Fröſche.

87 457 151 495 An
180 468 345 495 warmen
374 454 553 494 Abenden
582 453 700 504 haben
729 453 773 503 ſie
802 452 937 504 großes
965 452 1136 502 Konzert.

191 517 265 556 Ein
302 516 394 556 alter
422 514 680 566 Waſſerfroſch
715 514 766 552 im
795 518 937 564 grünen
966 511 1071 564 Frack
1099 510 1215 561 macht
1243 511 1310 549 den
1338 511 1512 560 Unfang.

89 579 143 618 Er
175 577 286 628 ſtreckt
318 577 372 616 die
405 577 539 627 langen
568 575 686 615 Beine
724 586 799 614 von
834 574 918 624 ſich,
959 572 1040 623 hebt
1074 573 1139 611 den
1167 571 1281 610 dicken
1310 570 1416 622 Kopf
1444 582 1514 610 aus

89 640 167 678 dem
195 638 351 689 Waſſer,
384 638 496 688 öffnet
524 636 596 686 ſein
625 635 750 674 weites
778 634 911 685 Maul,
943 634 1016 673 und
1045 633 1139 683 quak
1168 632 1261 683 quak
1291 632 1397 683 quak,
1428 630 1516 682 geck⸗

90 699 240 750 geckgeck
261 699 371 749 klingt
391 710 430 737 es
450 697 555 747 durch
577 697 630 735 die
650 696 744 747 Luft.
787 696 871 735 Alle
891 694 1221 744 Teichmuſikanten
1243 692 1365 743 helfen
1386 691 1517 731 wacker

91 761 169 799 mit.
226 760 285 798 Da
321 760 454 798 kommt
489 759 543 797 ein
572 758 701 808 Junge
729 757 974 807 geſprungen.
1029 754 1192 806 Platſch!
1222 753 1323 804 wirft
1353 765 1389 792 er
1417 753 1517 791 einen

92 821 199 861 Stein
232 821 292 859 ins
322 819 480 871 Waſſer.
536 819 617 858 Mit
651 818 765 856 einem
793 817 906 856 Male
941 816 1003 866 hat
1031 816 1099 854 das
1127 815 1288 865 Konzert
1316 814 1374 853 ein
1403 814 1516 853 Ende.

92 881 193 920 Aber
221 882 275 919 die
295 880 446 932 Fröſche
474 880 547 930 ſind
576 878 654 930 ſtolz
675 878 741 928 auf
760 877 837 928 ihre
856 877 988 927 Kunſt.
1036 876 1110 915 Ein
1129 875 1234 926 Kopf
1254 874 1375 924 taucht
1395 885 1518 924 empor

94 943 167 981 und
203 942 334 980 wieder
364 941 473 991 einer,
515 941 585 978 und
614 938 746 988 endlich
775 938 849 989 ſind
880 938 948 977 alle
976 937 1124 987 Sänger
1152 936 1283 974 wieder
1312 936 1372 975 da.
1428 935 1519 974 Nun

95 1002 244 1052 erklingt
273 1003 341 1041 das
372 1002 496 1052 ſchöne
524 1000 601 1039 Lied
630 1012 703 1039 von
732 1011 876 1037 neuem.

197 1064 235 1103 2,
267 1063 339 1102 Bei
360 1074 537 1101 warmem
552 1060 827 1110 Sonnenſchein
847 1059 969 1098 rudert
989 1059 1047 1096 der
1063 1056 1192 1109 Froſch
1213 1056 1303 1106 nach
1324 1056 1403 1094 dem
1418 1055 1518 1105 Ufer.

95 1124 181 1177 Hier
215 1124 279 1174 ſitzt
314 1135 351 1161 er
383 1135 475 1173 ganz
505 1120 765 1171 mäuschenſtill
793 1120 844 1158 im
874 1123 1017 1170 grünen
1045 1119 1180 1168 Graſe.
1236 1116 1376 1156 Summ
1406 1116 1522 1166 ſumm

98 1186 235 1234 ſumm!
272 1185 405 1223 kommt
440 1183 496 1221 ein
530 1182 713 1221 Mücklein
748 1181 856 1229 durch
892 1180 946 1218 die
976 1179 1056 1229 Luft
1089 1178 1212 1228 daher.
1269 1178 1343 1216 Der
1371 1175 1523 1215 Räuber

99 1245 221 1295 horcht
241 1245 314 1283 und
336 1243 486 1294 lauſcht,
520 1243 611 1293 Jetzt
630 1242 669 1290 iſt
685 1253 723 1280 es
740 1242 800 1280 da.
840 1240 915 1279 Ein
931 1240 1087 1290 Sprung
1102 1262 1151 1265 —
1167 1238 1240 1276 und
1256 1238 1324 1276 das
1340 1236 1523 1275 Mücklein

98 1306 137 1355 iſt
166 1304 339 1355 erhaſcht.
396 1304 502 1353 Dieſe
530 1302 772 1353 Mückenjagd
803 1300 888 1352 geht
916 1300 1003 1339 aber
1031 1311 1102 1338 nur
1130 1299 1180 1337 im
1209 1297 1398 1337 Sommer.
1454 1297 1524 1346 Im

100 1366 244 1405 Winter
273 1365 361 1415 liegt
389 1365 449 1403 der
477 1362 606 1415 Froſch
635 1362 698 1412 tief
726 1364 838 1400 unten
867 1361 906 1399 in
934 1361 1012 1399 dem
1036 1359 1258 1409 Schlamme.
1306 1358 1366 1396 Da
1395 1356 1470 1407 hält
1489 1369 1524 1394 er

100 1426 201 1464 einen
232 1426 378 1476 langen,
411 1425 543 1475 langen
562 1423 704 1473 Schlaf.
753 1422 821 1461 Die
849 1433 989 1460 warme
1008 1419 1324 1472 Frühlingsſonne
1354 1417 1417 1467 erſt
1444 1416 1525 1455 lockt

101 1487 166 1536 ihn
195 1486 324 1524 wieder
354 1485 500 1535 hervor.

546 1608 634 1658 46.
673 1601 1077 1668 Rotkäppchen.

209 1705 236 1753 1.
268 1704 325 1743 Es
360 1715 441 1742 war
475 1701 610 1740 einmal
644 1700 699 1739 ein
739 1700 870 1739 kleines
907 1698 1105 1748 Mädchen.
1170 1698 1253 1736 Das
1291 1696 1389 1746 hatte
1422 1695 1528 1746 jeder⸗

107 1777 221 1804 mann
260 1763 348 1814 lieb,
386 1764 446 1801 der
482 1774 521 1801 es
556 1774 626 1800 nur
660 1761 793 1812 anſah,
832 1773 893 1799 am
930 1758 1158 1809 allerliebſten
1193 1757 1281 1796 aber
1316 1756 1371 1794 die
1405 1755 1529 1806 Groß⸗

107 1828 250 1865 mutter.
305 1823 460 1863 Einmal
491 1822 639 1872 ſchenkte
667 1822 710 1872 ſie
737 1821 815 1871 ihm
844 1821 902 1859 ein
929 1819 1129 1870 Käppchen
1157 1830 1231 1857 von
1260 1819 1377 1856 rotem
1404 1815 1527 1856 Samt.

107 1887 164 1934 Da
198 1887 361 1924 nannten
397 1895 436 1921 es
472 1883 539 1921 alle
573 1883 674 1921 Leute
708 1880 981 1931 Rotkäppchen.
1044 1879 1158 1919 Eines
1196 1879 1324 1928 Tages
1354 1876 1451 1926 hatte
1477 1875 1530 1914 die

108 1948 255 1985 Mutter
282 1944 433 1994 Kuchen
463 1943 646 1994 gebacken.
702 1943 761 1981 Da
795 1942 893 1992 ſagte
921 1941 966 1991 ſie
992 1952 1034 1991 zu
1063 1940 1140 1978 dem
1169 1937 1377 1987 Mädchen:
1418 1937 1531 1984 „Rot⸗

111 2006 299 2057 käppchen,
332 2008 434 2055 trage
454 2005 514 2042 der
535 2002 779 2054 Großmutter
808 2002 876 2040 das
895 2000 1086 2050 Körbchen
1115 2000 1180 2038 mit
1199 1998 1350 2048 Kuchen
1379 1997 1530 2047 hinaus.

111 2066 219 2106 Bleib
249 2066 320 2104 mir
349 2064 437 2104 aber
465 2064 595 2115 hübſch
624 2065 690 2111 auf
719 2064 798 2101 dem
827 2063 982 2112 Wege!“
1004 2084 1053 2088 —
1079 2060 1174 2110 „Ich
1204 2059 1280 2098 will
1309 2057 1415 2109 ſchon
1444 2057 1531 2096 alles

112 2127 202 2177 recht
230 2126 419 2176 machen“,
451 2125 547 2175 ſagte
576 2123 831 2175 Rotkäppchen
860 2123 932 2161 und
962 2122 1048 2172 ging
1076 2121 1163 2172 fort.

214 2188 252 2226 2.
287 2187 356 2226 Die
394 2185 636 2237 Großmutter
668 2184 816 2234 wohnte
855 2182 1016 2234 draugen
1054 2182 1105 2220 im
1140 2182 1286 2220 Walde.
1351 2190 1423 2218 Als
1457 2190 1533 2217 nun

113 2247 369 2298 Rotkäppchen
397 2246 436 2285 in
466 2246 531 2284 den
552 2245 661 2284 Wald
690 2245 781 2296 kam,
814 2243 1006 2294 begegnete
1034 2242 1110 2293 ihm
1139 2242 1199 2280 der
1217 2240 1338 2291 Wolf.
1384 2239 1534 2287 „Guten

114 2309 216 2359 Tag!
246 2306 545 2357 Rotkäppchen“,
577 2304 698 2356 ſprach
719 2318 768 2344 er.
819 2303 984 2354 „Wohin
1004 2303 1105 2352 willſt
1124 2302 1228 2341 du?“
1276 2299 1534 2350 Rotkäppchen

116 2371 346 2408 antwortete:
384 2367 481 2417 „Ich
512 2366 585 2405 will
613 2378 674 2416 zur
703 2364 949 2416 Großmutter
976 2364 1048 2402 und
1076 2362 1134 2413 ihr
1160 2360 1311 2411 Kuchen
1341 2360 1531 2410 bringen.“
