1720 2644
796 189 855 201 —
900 167 957 211 50
1001 190 1056 202 —

1059 287 1101 391 h
1162 287 1235 390 H

655 276 830 432 h
812 275 975 433 H

220 252 305 303 20.

217 472 378 539 Haus
618 471 730 540 Hof
1015 470 1198 539 Hütte
1380 469 1540 537 Hund

220 554 397 623 Hugo
619 554 877 623 Heinrich
1015 553 1202 622 Herta
1380 552 1616 621 Helene

220 639 375 708 Haſe
618 638 789 707 Hirſch
1012 637 1217 705 Henne
1380 635 1535 704 Hecht

220 722 359 791 Herz
619 721 763 790 Hals
1012 721 1172 788 Hand
1380 720 1528 787 Haut

219 806 472 875 Himmel
619 805 797 874 Hölle
1013 804 1168 872 Hacke
1380 803 1517 871 Hitze

606 928 716 983 Der
754 928 910 996 Haſe
948 928 1019 982 im
1056 926 1253 993 Felde.

329 1026 430 1081 Der
471 1027 718 1081 Sommer
757 1024 813 1093 iſt
850 1025 925 1093 für
964 1024 1051 1079 den
1091 1023 1270 1092 Haſen
1314 1022 1387 1077 die
1427 1021 1637 1091 ſchönſte

223 1114 352 1183 Zeit.
447 1114 599 1168 Dann
648 1112 737 1181 ſitzt
783 1126 829 1167 er
876 1112 941 1167 im
986 1111 1163 1180 hohen
1212 1110 1487 1177 Getreide,
1536 1109 1634 1164 und

224 1289 424 1359 ſaftige
467 1289 644 1345 Kraut.
727 1288 888 1344 Merkt
942 1302 987 1343 er
1036 1286 1257 1355 Gefahr,
1310 1287 1352 1355 ſo
1397 1284 1542 1353 macht
1589 1299 1635 1339 er

223 1378 532 1446 Männchen.
619 1376 733 1444 Hei,
784 1376 873 1430 wie
921 1375 1076 1444 ſchnell
1119 1374 1270 1443 huſcht
1311 1373 1461 1441 unſer
1503 1372 1633 1440 Häs⸗

222 1465 325 1534 chen
372 1464 538 1533 zurück
586 1464 668 1519 ins
717 1463 1011 1532 Haferfeld.
1103 1463 1196 1518 Im
1247 1460 1457 1529 Herbſte
1507 1459 1637 1515 aber

220 1553 440 1622 beginnt
483 1552 575 1621 ſein
620 1552 832 1608 Leiden.
915 1552 1029 1608 Wer
1071 1550 1243 1605 kommt
1286 1549 1392 1604 dort
1433 1548 1520 1603 mit
1557 1547 1637 1602 der

223 1641 411 1710 Flinte
462 1640 656 1709 daher?
736 1640 807 1696 Es
851 1640 907 1708 iſt
953 1639 1030 1694 der
1083 1639 1264 1707 Jäger
1315 1636 1401 1691 mit
1451 1636 1637 1704 ſeinem

223 1728 432 1797 Hunde.
511 1729 629 1784 Nun
674 1728 777 1796 lauf
815 1727 936 1794 aber,
984 1726 1232 1795 Häschen,
1282 1725 1400 1794 ſonſt
1442 1722 1544 1792 gibt
1586 1737 1638 1778 es

223 1815 599 1886 Haſenbraten.

1554 1197 1635 1250 ins
1477 1211 1521 1250 er
1310 1198 1446 1266 hüpft
1041 1199 1277 1254 Abende
915 1200 1007 1255 Am
689 1199 850 1268 ſehen.
571 1200 654 1267 ihn
420 1201 539 1255 kann
221 1202 388 1256 keiner

814 1925 1046 1984 Häschen.

600 2005 657 2045 In
685 2006 761 2045 dem
791 2005 942 2045 Garten
970 2016 1017 2044 an
1045 2005 1121 2044 dem
1150 2005 1260 2053 Haus

600 2072 721 2124 gehen
748 2070 915 2121 Häslein
943 2071 996 2111 ein
1021 2070 1093 2110 und
1125 2080 1205 2118 aus,

600 2150 647 2178 an
677 2139 743 2178 den
770 2137 895 2178 kalten
925 2136 1214 2187 Wintertagen

599 2205 722 2245 meine
750 2204 881 2255 Roſen
910 2214 1164 2254 anzunagen.

600 2270 784 2321 Häschen,
817 2269 998 2319 Häschen,
1028 2269 1071 2320 ſei
1100 2268 1260 2319 geſcheit,

599 2337 713 2387 unſer
743 2335 944 2376 Wauwau
971 2335 1012 2386 iſt
1040 2335 1129 2385 nicht
1156 2335 1246 2375 weit.
