1722 2670
133 2415 194 2439 Hirts
208 2415 267 2436 Neue
282 2413 526 2440 Schreib⸗Leſe⸗Fibel.

645 192 695 195 —
750 168 799 204 45
854 192 905 195 —

70 251 147 301 15.

902 299 941 401 f
989 299 1060 400 F

526 280 633 428 f
660 273 810 366 F

69 476 248 544 Feuer
412 475 643 545 Fenſter
814 476 1075 545 Flamme
1215 476 1348 545 Flur

72 555 232 624 Fibel
416 555 606 623 Feder
816 556 1011 624 Farbe
1219 556 1442 626 Flaſche

71 636 274 705 Fiſcher
419 636 685 706 Fiſchlein
818 637 1009 707 Fleiſch
1219 637 1422 705 Fliege

70 716 235 785 Flöte
420 715 571 786 Froſt
820 717 999 786 Froſch
1216 718 1495 786 Friedrich

527 845 627 903 Die
666 846 1039 915 Feuerwehr.

592 934 687 977 Siehe
711 935 787 969 Bild
813 935 903 969 Seite
930 937 981 968 16.

178 996 375 1065 Feuer!
421 996 620 1065 Feuer!
663 996 814 1066 ſchreit
854 997 1035 1066 Franz.
1112 997 1180 1053 Er
1217 997 1358 1052 rennt
1396 1011 1500 1066 zum

75 1076 460 1144 Feuermelder
503 1076 600 1131 und
647 1076 811 1145 ſchlägt
854 1076 931 1132 die
977 1075 1193 1145 Scheibe
1236 1077 1330 1132 ein.
1417 1077 1501 1131 Da

73 1156 244 1211 kommt
306 1155 414 1225 auch
480 1155 607 1225 ſchon
667 1156 741 1211 die
804 1156 1148 1225 Feuerwehr.
1250 1156 1366 1212 Wie
1427 1155 1501 1211 die

77 1236 292 1304 Wagen
358 1235 582 1304 raſſeln!
696 1237 811 1292 Wie
878 1236 971 1291 das
1040 1237 1194 1292 Auto
1267 1236 1357 1291 mit
1424 1236 1501 1291 der

80 1314 467 1384 Schiebeleiter
522 1315 650 1371 über
705 1315 796 1370 das
850 1316 1080 1384 Pflaſter
1138 1316 1277 1385 ſauſt!
1371 1315 1501 1372 Alle

78 1395 344 1464 Menſchen
385 1395 570 1464 laufen
613 1395 721 1464 nach
766 1395 869 1450 dem
916 1396 1310 1464 Warenhauſe.
1391 1396 1500 1452 Aus

76 1474 172 1529 dem
212 1475 381 1544 Dache
431 1474 651 1543 ſchlagen
689 1475 763 1530 die
805 1474 1091 1542 Flammen.
1147 1474 1291 1544 Raſch
1331 1475 1500 1543 ziehen

78 1553 146 1608 die
190 1555 427 1610 Männer
466 1554 545 1609 die
585 1553 962 1622 Schiebeleiter
1002 1569 1108 1609 aus.
1162 1554 1284 1609 Drei
1312 1554 1500 1622 Feuer⸗

76 1633 355 1702 wehrleute
413 1633 623 1689 klettern
674 1634 756 1702 auf
773 1634 898 1688 das
950 1633 1095 1703 Dach.
1184 1634 1351 1690 Einer
1400 1633 1503 1702 hält

75 1713 161 1768 den
206 1713 453 1782 Schlauch.
526 1713 644 1768 Nun
683 1712 847 1781 geben
888 1713 949 1782 ſie
988 1713 1083 1768 viel
1122 1713 1339 1782 Waſſer.
1420 1715 1503 1769 Da

75 1793 457 1862 verſchwinden
506 1792 582 1847 die
626 1792 915 1860 Flammen,
966 1793 1063 1848 und
1112 1792 1295 1862 dichter
1340 1793 1500 1862 Rauch

76 1872 276 1930 wirbelt
315 1873 414 1941 auf.
486 1873 599 1927 Das
640 1872 819 1940 Feuer
858 1872 917 1941 iſt
954 1871 1065 1928 bald
1105 1872 1329 1942 gelöſcht.
1407 1872 1504 1929 Die

79 1952 347 2022 Menſchen
392 1952 559 2021 gehen
600 1952 790 2007 weiter.
873 1952 974 2007 Die
1017 1952 1336 2020 Feuerwehr
1387 1952 1505 2021 ſauſt

76 2032 260 2087 wieder
298 2031 408 2100 nach
449 2032 529 2087 der
573 2031 774 2100 Wache.

1273 2416 1288 2439 4
