1688 2655
789 193 844 205 —
892 169 947 213 92
996 188 1054 201 —

631 284 716 333 53.
755 277 854 331 Die
890 269 1215 330 Sterntaler.

315 406 369 445 Es
405 415 484 442 war
521 398 658 439 einmal
696 397 753 435 ein
786 394 915 433 kleines
949 389 1155 439 Mädchen,
1192 388 1268 425 dem
1300 397 1380 424 war
1412 384 1527 422 Vater
1560 380 1638 420 und

213 476 358 514 Mutter
388 470 592 523 geſtorben,
624 467 698 507 und
728 477 767 504 es
796 475 876 503 war
905 463 942 511 ſo
972 472 1071 510 arm,
1102 457 1173 508 daß
1202 468 1239 495 es
1268 455 1341 493 kein
1369 448 1629 499 Kämmerchen

213 543 315 593 mehr
342 541 453 592 hatte,
488 538 597 578 darin
624 548 667 587 zu
696 533 870 583 wohnen,
907 530 980 569 und
1010 528 1085 566 kein
1114 524 1286 574 Bettchen
1314 522 1425 572 mehr,
1458 519 1567 559 darin
1594 529 1630 568 zu

215 611 381 662 ſchlafen,
411 609 482 648 und
511 605 647 654 endlich
677 615 745 654 gar
764 601 878 650 nichts
898 598 999 648 mehr
1029 596 1086 636 als
1114 595 1168 634 die
1187 593 1330 632 Kleider
1349 591 1414 640 auf
1434 591 1515 628 dem
1536 585 1631 626 Leibe

214 681 287 720 und
316 679 371 718 ein
394 676 585 725 Stückchen
606 674 705 712 Brot
733 672 772 710 in
801 671 859 708 der
878 667 998 722 Hand,
1031 666 1098 704 das
1128 663 1204 714 ihm
1232 662 1287 700 ein
1308 658 1526 708 mitleidiges
1547 656 1641 709 Herz

215 748 391 800 geſchenkt
423 746 532 796 hatte.
591 743 647 782 Es
683 752 764 779 war
792 738 878 777 aber
905 739 970 787 gut
999 735 1072 773 und
1101 733 1252 783 fromm.
1307 729 1387 768 Und
1415 726 1501 766 weil
1530 735 1570 763 es
1601 724 1632 773 ſo

218 830 291 857 von
319 816 403 855 aller
421 814 520 854 Welt
548 809 723 861 verlaſſen
752 820 843 857 war,
874 806 961 856 ging
990 815 1029 842 es
1056 803 1106 841 im
1127 802 1328 840 Vertrauen
1348 798 1414 846 auf
1435 796 1502 834 den
1524 792 1633 832 lieben

219 887 314 926 Gott
346 885 480 935 hinaus
509 882 570 920 ins
600 879 699 931 Feld.

321 954 380 993 Da
414 951 604 1002 begegnete
633 946 708 996 ihm
744 945 800 983 ein
834 955 951 982 armer
981 942 1126 989 Mann,
1163 939 1221 976 der
1249 934 1392 986 ſprach:
1429 931 1546 981 „Ach,
1578 929 1641 981 gib

222 1024 293 1063 mir
316 1025 430 1061 etwas
451 1032 482 1070 zu
480 1017 615 1068 eſſen,
637 1014 688 1064 ich
709 1013 771 1052 bin
791 1013 827 1062 ſo
852 1010 1051 1061 hungrig.“
1097 1007 1154 1046 Es
1175 1004 1297 1054 reichte
1324 1002 1399 1052 ihm
1428 1002 1500 1039 das
1530 1011 1640 1050 ganze

224 1091 413 1140 Stückchen
446 1088 544 1126 Brot
577 1085 649 1123 und
685 1084 800 1132 ſagte:
846 1080 963 1127 „Gott
993 1078 1097 1127 ſegne
1126 1075 1252 1123 dir's“,
1283 1072 1354 1110 und
1383 1070 1473 1120 ging
1504 1067 1638 1106 weiter.

327 1161 386 1198 Da
409 1158 487 1196 kam
516 1155 573 1193 ein
594 1153 708 1202 Kind,
739 1152 806 1189 das
834 1149 1022 1199 jammerte
1051 1145 1124 1184 und
1152 1142 1293 1193 ſprach:
1325 1140 1403 1187 „Es
1427 1137 1532 1188 friert
1553 1135 1657 1185 mich

226 1233 264 1282 ſo
298 1241 344 1268 an
379 1226 530 1266 meinem
558 1221 702 1272 Kopfe,
741 1218 856 1270 ſchenk
889 1216 958 1255 mir
988 1218 1124 1263 etwas,
1158 1211 1283 1251 womit
1310 1209 1360 1258 ich
1388 1208 1454 1257 ihn
1483 1203 1639 1244 bedecken

227 1301 358 1339 kann.“
406 1296 463 1334 Da
492 1296 546 1332 tat
575 1303 614 1330 es
644 1290 737 1340 ſeine
765 1289 888 1337 Mütze
915 1285 962 1324 ab
992 1284 1067 1323 und
1096 1282 1170 1333 gab
1199 1281 1241 1331 ſie
1268 1279 1357 1329 ihm.

329 1366 408 1405 Und
437 1363 494 1402 als
525 1373 564 1400 es
593 1359 681 1408 noch
717 1358 793 1396 eine
826 1354 941 1395 Weile
976 1363 1168 1404 gegangen
1198 1361 1291 1399 war,
1324 1348 1400 1385 kam
1432 1344 1564 1383 wieder
1592 1340 1659 1400 ein

228 1437 325 1477 Kind
353 1434 424 1473 und
454 1432 550 1481 hatte
580 1428 654 1467 kein
681 1425 846 1474 Leibchen
874 1435 921 1462 an
942 1422 1015 1460 und
1045 1421 1139 1470 fror,
1171 1419 1215 1456 da
1247 1415 1318 1467 gab
1347 1426 1385 1452 es
1421 1412 1501 1462 ihm
1531 1401 1659 1460 ſeins;

228 1505 299 1544 und
327 1502 413 1550 noch
447 1499 580 1547 weiter,
612 1497 655 1534 da
686 1495 749 1533 bat
776 1493 853 1531 eins
891 1502 952 1529 um
983 1489 1041 1527 ein
1071 1486 1252 1534 Röcklein,
1283 1485 1352 1522 das
1387 1481 1461 1532 gab
1492 1492 1531 1518 es
1560 1477 1655 1526 auch

226 1585 301 1612 von
328 1569 389 1621 ſich
418 1568 493 1618 hin.

329 1635 474 1684 Endlich
499 1633 666 1684 gelangte
696 1642 734 1668 es
764 1630 801 1667 in
830 1628 930 1666 einen
949 1625 1076 1674 Wald,
1109 1623 1182 1660 und
1212 1632 1249 1659 es
1278 1630 1356 1657 war
1385 1616 1491 1666 ſchon
1521 1614 1638 1652 dunkel

227 1707 427 1760 geworden,
458 1704 502 1741 da
537 1701 616 1739 kam
643 1698 732 1746 noch
766 1696 844 1734 eins
873 1695 944 1733 und
974 1692 1038 1731 bat
1066 1703 1129 1729 um
1159 1689 1213 1727 ein
1241 1684 1439 1740 Hemdlein,
1472 1683 1548 1721 und
1578 1683 1641 1721 das

226 1778 380 1828 fromme
406 1768 590 1817 Mädchen
619 1765 755 1815 dachte:
787 1763 867 1810 „Es
894 1762 934 1810 iſt
962 1759 1088 1798 dunkle
1116 1756 1247 1805 Nacht,
1279 1755 1322 1792 da
1350 1752 1437 1802 ſieht
1467 1750 1544 1800 dich
1574 1751 1638 1789 nie⸗

229 1844 350 1893 mand,
381 1842 427 1879 du
454 1837 574 1886 kannſt
603 1834 702 1884 wohl
729 1832 807 1870 dein
835 1830 946 1883 Hemd
976 1825 1211 1877 weggeben“,
1245 1822 1317 1861 und
1343 1832 1408 1870 zog
1438 1820 1510 1857 das
1532 1819 1645 1872 Hemd

228 1913 276 1952 ab
304 1911 375 1950 und
402 1907 472 1959 gab
502 1917 541 1944 es
571 1903 659 1952 auch
688 1900 775 1949 noch
804 1899 879 1949 hin.

332 1977 412 2017 Und
445 1974 513 2013 wie
548 1984 587 2011 es
620 1972 656 2022 ſo
692 1968 788 2019 ſtand
822 1966 894 2005 und
929 1976 997 2015 gar
1029 1962 1145 2011 nichts
1174 1959 1272 2008 mehr
1300 1957 1407 2007 hatte,
1439 1955 1548 2004 fielen
1584 1968 1639 1994 auf

231 2046 364 2088 einmal
398 2044 451 2082 die
478 2042 612 2082 Sterne
646 2050 733 2078 vom
761 2033 916 2089 Himmel
947 2032 1021 2071 und
1056 2040 1179 2068 waren
1212 2027 1326 2065 lauter
1360 2023 1483 2073 harte,
1522 2013 1658 2062 blank

232 2116 358 2164 Taler,
393 2112 465 2151 und
498 2110 545 2149 ob
581 2120 620 2147 es
652 2105 761 2158 gleich
791 2104 862 2155 ſein
889 2099 1074 2154 Hemdlein
1109 2093 1355 2146 weggegeben,
1394 2092 1432 2140 ſo
1471 2091 1575 2140 hatte
1616 2105 1643 2130 es

232 2185 290 2223 ein
311 2192 421 2222 neues
447 2191 507 2229 an,
534 2177 609 2216 und
634 2176 702 2214 das
727 2185 807 2213 war
829 2182 913 2210 vom
936 2165 1170 2216 allerfeinſten
1189 2163 1332 2202 Linnen.
1372 2159 1433 2197 Da
1460 2159 1646 2208 ſammelt

234 2264 273 2291 es
303 2250 365 2302 ſich
392 2249 446 2287 die
472 2246 586 2286 Taler
615 2243 738 2294 hinein
765 2241 837 2280 und
865 2250 942 2277 war
971 2235 1062 2284 reich
1091 2235 1153 2280 für
1181 2231 1251 2281 ſein
1279 2228 1424 2277 Lebtag.
