1730 2670
637 195 694 208 —
741 173 796 217 81
846 195 905 207 —

326 283 446 335 nähm'
477 283 523 334 ich
552 283 685 323 meinen
714 280 877 332 Geldſack
905 280 974 330 her,

327 348 396 387 alle
426 346 624 398 Pflaumen
652 344 755 395 kauft’
785 343 832 394 ich
864 344 971 392 dann,

325 410 399 461 rief'
429 410 486 450 die
514 408 648 449 Kinder
677 407 726 448 all
755 407 876 458 heran,

329 472 425 523 ſagte
454 471 577 522 drauf:
608 469 713 520 „Nun
740 469 831 519 haut
860 469 935 509 mal
964 469 1054 509 ein!“

328 535 385 584 Ei,
414 535 486 576 das
517 533 601 586 ſollt’
631 534 684 574 ein
714 531 935 583 Schmauſen
964 531 1045 582 ſein!

464 696 548 745 29.
588 691 684 747 Die
725 687 1091 760 Straßenbahn.

172 813 204 850 1.
235 809 288 850 Es
321 808 439 860 raſſelt
473 808 545 848 und
580 806 725 857 klingelt.
787 805 886 846 Dort
920 815 980 845 um
1013 804 1068 844 die
1102 803 1178 844 Ecke
1211 802 1340 844 kommt
1376 802 1488 843 etwas

67 872 195 924 großes
231 871 380 919 Gelbes,
425 871 481 911 ein
522 870 644 920 langer
686 868 832 918 Wagen
876 867 967 917 ohne
1010 866 1152 917 Pferde.
1222 865 1310 906 Das
1353 864 1394 916 iſt
1435 864 1489 904 die

67 934 243 985 eloktriſche
272 933 397 983 Bahn.
455 932 549 983 Ihre
582 931 756 982 Schienen
788 930 913 980 laufen
946 930 1001 970 die
1035 928 1175 978 Straße
1208 928 1364 978 entlang.
1418 926 1488 977 Oft

68 998 139 1049 ſehe
167 996 213 1047 ich
244 996 354 1047 große
384 996 492 1035 blaue
521 994 661 1044 Funken
690 994 780 1034 oben
810 1003 882 1033 aus
912 992 978 1032 den
1008 990 1172 1041 Drähten
1200 990 1373 1041 ſpringen.
1420 988 1489 1029 Die

69 1058 209 1109 Funken
254 1058 350 1109 ſehen
395 1068 466 1098 aus
509 1058 574 1097 wie
615 1053 717 1096 kleine
760 1055 886 1105 Blitze;
938 1053 1055 1105 ſcnell
1100 1052 1253 1093 kommen
1299 1051 1374 1093 und
1420 1061 1490 1091 ver⸗

69 1121 258 1172 ſchwinden
287 1120 339 1171 ſie.

176 1187 209 1223 2.
239 1182 300 1234 Iſt
330 1193 368 1223 es
398 1182 488 1233 nicht
517 1182 633 1232 luſtig,
669 1181 702 1232 ſo
735 1180 825 1230 ohne
855 1179 991 1230 Pferde
1020 1178 1120 1229 durch
1155 1178 1209 1218 die
1239 1176 1407 1226 Straßen
1440 1186 1491 1226 ge⸗

70 1246 194 1297 fahren
228 1256 268 1297 zu
301 1245 468 1285 werden?
531 1243 596 1294 Ich
630 1243 721 1293 habe
753 1243 875 1282 immer
909 1241 965 1281 die
999 1251 1116 1280 armen
1150 1239 1285 1291 Pferde
1317 1249 1385 1279 vor
1418 1238 1492 1278 dem

72 1307 438 1359 Pferdebahnwagen
466 1306 644 1346 bedauert.
699 1305 761 1344 So
793 1304 914 1354 ſchwer
942 1302 1073 1353 müſſen
1101 1302 1144 1353 ſie
1170 1302 1298 1352 ziehen,
1336 1301 1371 1351 ſo
1400 1300 1492 1348 viele,

72 1371 157 1411 viele
187 1369 377 1420 Menſchen
408 1368 589 1419 ſchleppen,
618 1367 689 1407 und
722 1377 769 1406 an
797 1366 890 1416 jeder
922 1364 1148 1415 Straßenecke
1176 1362 1326 1413 beinahe
1354 1363 1396 1414 iſt
1423 1363 1495 1402 eine

71 1432 278 1483 Halteſtelle.
340 1430 426 1471 Wie
462 1431 616 1481 ſtrengen
650 1429 707 1480 ſich
743 1429 798 1468 die
835 1427 971 1478 Pferde
1004 1438 1062 1475 an,
1099 1427 1164 1466 den
1197 1425 1344 1475 Wagen
1376 1425 1493 1465 immer

72 1495 199 1535 wieder
228 1495 266 1534 in
294 1493 407 1543 Gang
435 1503 478 1543 zu
510 1492 668 1542 bringen,
701 1501 804 1530 wenn
838 1501 872 1529 er
907 1489 1070 1539 gehalten
1101 1488 1178 1540 hat!
1240 1487 1325 1527 Wie
1358 1487 1493 1537 traurig

73 1557 144 1597 und
178 1556 284 1596 müde
317 1555 462 1605 hängen
496 1554 538 1604 ſie
573 1554 708 1593 abends
743 1553 799 1592 die
832 1552 968 1602 Köpfe!
1032 1550 1114 1591 Wie
1149 1550 1306 1601 unruhig
1343 1549 1494 1600 ſchlagen

72 1620 116 1670 ſie
144 1619 208 1658 mit
237 1618 303 1658 den
337 1616 522 1667 buſchigen
552 1615 768 1666 Schwänzen
801 1614 885 1662 nach
918 1614 987 1653 den
1017 1613 1268 1663 Stechmücken,
1303 1612 1360 1651 die
1392 1610 1495 1660 ihnen

73 1692 130 1721 um
165 1681 221 1721 die
248 1679 379 1729 Ohren
412 1679 577 1730 ſummen,
611 1677 691 1727 nach
726 1677 791 1717 den
826 1675 1008 1726 Bremſen,
1042 1675 1096 1715 die
1130 1675 1172 1725 ſie
1205 1674 1322 1724 blutig
1357 1672 1491 1724 ſtechen!

181 1745 214 1782 3.
241 1742 362 1789 Arme,
398 1741 561 1791 gequälte
590 1740 734 1791 Pferde,
770 1739 842 1790 jezt
876 1737 1047 1788 brauchen
1079 1738 1145 1777 wir
1177 1735 1254 1786 euch
1284 1735 1374 1786 nicht
1401 1734 1494 1785 mehr

73 1807 129 1856 für
159 1805 213 1845 die
243 1804 407 1855 ſchweren
438 1802 596 1852 Wagen!
651 1801 745 1852 Jetzt
773 1801 873 1852 führt
903 1811 974 1840 uns
1004 1800 1062 1840 der
1096 1799 1209 1850 ſchöne
1242 1798 1350 1838 blaue
1379 1796 1495 1846 Funke

74 1868 254 1919 ſpazieren,
298 1867 358 1906 der
399 1876 471 1905 aus
511 1865 576 1904 den
614 1864 777 1913 Drähten
820 1862 987 1913 aufblitzt.
1051 1861 1157 1901 Glatt
1197 1860 1270 1900 und
1316 1858 1493 1909 gemütlich

73 1922 197 1980 fahren
237 1930 303 1969 wir
346 1929 414 1968 den
456 1926 628 1977 weiteſten
670 1925 773 1976 Weg.
842 1924 946 1974 Mag
989 1923 1070 1974 auch
1114 1934 1171 1963 am
1215 1922 1396 1971 Sonntag
1437 1921 1495 1961 der

75 1991 220 2042 Wagen
249 1990 317 2041 faſt
346 1990 518 2040 überfüllt
548 1989 627 2040 ſein,
657 2012 704 2015 —
736 1988 806 2028 das
837 1986 968 2038 ſchadet
996 1985 1099 2036 nicht;
1134 1984 1204 2025 kein
1232 1994 1351 2024 armes
1381 1982 1494 2034 Pferd

74 2054 157 2104 muß
204 2052 356 2103 deshalb
407 2052 579 2102 ſchwizen.
653 2050 754 2100 Mag
802 2049 886 2099 auch
936 2059 982 2088 an
1027 2048 1117 2098 jeder
1161 2045 1393 2096 Straßenecke
1438 2045 1495 2085 der

76 2115 220 2166 Wagen
248 2115 385 2165 halten,
416 2137 466 2140 —
496 2114 565 2153 das
593 2113 723 2164 ſchadet
751 2111 855 2162 nicht;
894 2110 965 2150 kein
997 2110 1121 2149 müdes
1152 2108 1266 2159 Pferd
1300 2107 1386 2158 muß
1420 2106 1495 2147 des⸗

75 2177 159 2228 halb
190 2177 275 2229 ſeine
304 2176 435 2227 Kräfte
466 2175 675 2226 anſtrengen.

181 2243 215 2280 4.
243 2239 325 2289 Hell
354 2238 429 2279 und
461 2237 590 2287 lieblich
620 2238 741 2277 brennt
770 2237 830 2277 der
860 2235 976 2287 ſchöne
1004 2234 1108 2274 blaue
1131 2232 1248 2282 Funke
1277 2232 1337 2272 als
1363 2230 1497 2282 Lampe

76 2302 121 2342 im
147 2301 301 2352 Wagen,
329 2311 434 2341 wenn
459 2310 498 2340 es
525 2299 646 2340 dunkel
670 2299 769 2339 wird.
817 2298 868 2338 Er
897 2296 1037 2347 leuchtet
1065 2296 1130 2336 wie
1159 2295 1217 2335 der
1246 2294 1334 2335 liebe
1361 2292 1496 2342 Mond,

78 2364 164 2414 ohne
192 2364 323 2414 Rauch,
355 2363 448 2413 ohne
479 2361 605 2413 Dunſt.
