1680 2637
774 176 834 188 —
880 155 935 198 70
982 177 1036 189 —

538 265 587 314 4.
630 261 760 316 Vom
803 260 1283 330 Schaukelpferdchen.

312 376 498 427 Hänschen
529 376 625 426 hatte
661 375 757 426 ſchon
785 375 902 415 immer
931 375 1080 426 geſehen,
1114 376 1180 416 wie
1212 375 1269 416 die
1298 375 1427 427 Pferde
1460 377 1522 427 auf
1552 377 1611 416 der

206 442 348 493 Straße
386 443 449 483 den
488 442 619 493 großen
654 441 799 492 Wagen
836 452 951 492 zogen.
1012 442 1076 482 Da
1109 442 1206 492 hätte
1245 452 1282 481 es
1319 442 1400 492 auch
1439 453 1520 492 gern
1557 443 1613 482 ein

208 509 403 560 Pferdchen
431 509 573 559 gehabt!
634 508 742 548 Denn
760 507 944 558 Hänschen
972 508 1068 558 hatte
1088 507 1171 558 auch
1197 508 1293 548 einen
1315 508 1439 548 kleinen
1460 507 1612 558 Wagen,

206 576 273 615 den
302 575 399 626 ſollte
427 575 492 625 ſein
521 573 716 625 Pferdchen
742 573 864 625 ziehen.
919 573 1010 614 Aber
1034 573 1222 624 Hänschen
1250 573 1364 614 bekam
1391 574 1460 614 kein
1484 574 1613 625 Pferd⸗

206 641 298 691 chen;
333 651 435 681 wenn
463 652 500 681 es
528 640 728 691 fortfahren
754 640 885 688 wollte,
919 639 1014 680 dann
1048 639 1135 690 ſetzte
1169 650 1206 680 es
1241 639 1298 690 ſich
1332 640 1368 680 in
1395 640 1459 680 den
1486 640 1614 680 kleinen

207 706 360 757 Wagen,
389 707 459 747 und
491 706 639 757 Chriſtel
666 705 785 756 mußte
813 706 933 757 ziehen.

312 772 383 813 Als
415 772 598 823 Hänschen
633 772 717 812 aber
750 772 806 812 die
839 772 1020 812 Soldaten
1057 772 1164 812 reiten
1198 771 1271 822 ſah,
1309 772 1426 812 wollte
1459 783 1495 811 es
1530 771 1613 822 auch

207 850 308 890 gerne
336 839 442 879 reiten
469 839 539 879 und
570 838 664 889 ſagte
692 848 767 889 zum
796 837 922 878 Vater:
957 837 1085 886 „Bitte,
1114 838 1208 886 bitte,
1237 838 1340 878 lieber
1367 837 1485 886 Vater,
1515 837 1615 888 kaufe

205 905 393 955 Hänschen
430 905 482 945 ein
518 904 817 955 Reitpferdchen!“
871 904 952 944 Und
992 904 1048 944 als
1086 904 1145 944 der
1184 903 1523 954 Weihnachtsmann
1561 915 1616 954 ge⸗

206 972 360 1012 kommen
388 983 472 1019 war,
500 971 546 1011 da
576 971 675 1022 ſtand
705 971 823 1021 richtig
853 971 906 1011 ein
930 970 1123 1021 Pferdchen
1146 971 1255 1011 neben
1279 971 1353 1010 dem
1380 970 1617 1021 Chriſtbaum.

206 1038 301 1078 Aber
330 1049 368 1078 es
396 1048 472 1078 war
499 1037 567 1077 kein
600 1037 732 1087 großes
763 1037 965 1087 Pferdchen,
1000 1037 1145 1087 ſondern
1178 1037 1232 1077 ein
1267 1048 1352 1087 ganz
1384 1037 1505 1076 kleines
1540 1047 1616 1077 von

207 1104 306 1155 Holz.
353 1103 431 1154 Ach,
458 1103 527 1143 das
555 1114 632 1143 war
659 1103 763 1154 ſchön,
793 1103 863 1143 und
889 1103 1072 1153 Hänschen
1101 1103 1210 1154 freute
1235 1103 1292 1154 ſich
1319 1103 1398 1153 ſehr.
1445 1102 1498 1142 Es
1526 1102 1615 1153 ſetzte

208 1170 267 1221 ſich
296 1170 429 1220 darauf
460 1169 530 1209 und
564 1169 641 1219 fing
676 1180 723 1209 an
754 1180 795 1220 zu
828 1170 931 1209 reiten
965 1170 1035 1209 und
1070 1169 1192 1209 konnte
1226 1180 1265 1209 es
1299 1169 1331 1219 ſo
1367 1169 1430 1219 gut
1461 1169 1526 1208 wie
1560 1168 1616 1207 die

207 1236 403 1276 Soldaten.
459 1236 520 1275 Da
549 1236 633 1285 ging
664 1246 718 1275 es:

579 1327 744 1378 Schacker
774 1351 823 1354 —
854 1327 1014 1377 Schacker
1044 1351 1093 1354 —
1123 1327 1251 1375 Reiter,

575 1404 679 1433 wenn
708 1404 741 1433 er
769 1394 857 1444 fällt,
885 1394 981 1433 dann
1009 1393 1120 1444 ſchreit
1149 1404 1196 1440 er;

576 1460 659 1509 fällt
688 1470 721 1499 er
750 1460 785 1499 in
814 1460 878 1499 den
907 1459 1059 1506 Graben,

577 1525 698 1575 freſſen
725 1525 786 1575 ihn
815 1525 867 1565 die
895 1525 1030 1565 Raben.

605 1693 653 1741 5.
696 1690 872 1758 Hänſel
910 1689 1003 1744 und
1046 1689 1226 1745 Gretel.

358 1806 491 1846 Gretel:

362 2126 505 2177 Hänſel:

527 1804 757 1854 Brüderchen,
787 1803 903 1851 komm,
931 1804 1008 1854 tanz
1036 1803 1100 1842 mit
1129 1803 1209 1842 mir!

527 1870 640 1910 Beide
669 1870 798 1920 Hände
825 1869 916 1920 reich'
944 1869 988 1919 ich
1019 1869 1085 1909 dir.

527 1936 672 1976 Einmal
700 1937 769 1986 hin,
800 1936 925 1976 einmal
951 1936 1018 1986 her,

527 2003 616 2043 rund
647 2003 784 2053 herum:
815 2003 883 2042 das
911 2002 950 2052 iſt
978 2002 1065 2052 nicht
1094 2002 1222 2051 ſchwer.

526 2125 669 2176 Tanzen
699 2124 761 2175 ſoll
790 2124 835 2174 ich
865 2135 974 2164 armer
1003 2123 1148 2174 Wicht?

524 2191 653 2239 Gretel,
682 2191 768 2238 nein,
799 2191 867 2231 das
896 2190 982 2230 kann
1009 2189 1054 2240 ich
1085 2190 1182 2240 nicht.

529 2258 671 2298 Darum
799 2258 871 2304 mir,
900 2257 964 2296 wie
992 2267 1029 2296 es
1060 2255 1212 2305 Brauch,
701 2258 769 2307 zeig

526 2323 596 2373 daß
626 2323 673 2373 ich
703 2324 825 2374 tanzen
852 2324 941 2362 lerne
969 2322 1061 2372 auch.
