1689 2640
772 191 829 203 —
877 170 931 213 72
977 192 1033 204 —

556 279 605 328 8.
648 275 904 344 Hausfrau
940 277 1035 332 und
1078 275 1257 345 Pudel.

307 375 339 412 1.
368 371 474 420 „Wer
501 372 564 423 hat
587 373 660 424 hier
685 373 739 413 die
764 372 878 423 Milch
904 373 1081 424 genaſcht?
1124 372 1225 422 Hätt'
1249 372 1295 423 ich
1320 372 1401 423 doch
1426 373 1491 413 den
1516 372 1610 412 Dieb

199 433 364 485 erhaſcht!
407 433 533 484 Pudel,
557 435 664 486 wärſt
689 435 779 475 denn
804 435 852 475 du
871 446 908 474 es
928 436 1016 485 gar?
1057 435 1186 486 Pudel,
1207 434 1316 475 komm
1336 434 1433 484 doch!
1466 433 1520 482 Ei,
1540 434 1613 484 für⸗

197 495 309 546 wahr,
338 497 434 536 einen
462 497 593 547 weißen
619 496 718 537 Bart
744 497 823 548 haſt
855 497 919 545 du;
950 497 1008 548 ſag
1035 498 1102 537 mir
1126 497 1219 548 doch,
1244 497 1309 536 wie
1335 497 1415 548 geht
1437 496 1507 536 das
1525 495 1613 547 zu?“

305 1416 339 1452 2.
374 1412 443 1451 Die
475 1411 668 1461 Hausfrau
703 1410 761 1460 ſah
796 1410 856 1459 ihn
889 1420 935 1449 an
967 1409 1029 1449 mit
1063 1408 1215 1458 Lachen:
1259 1408 1331 1456 „Ei,
1367 1408 1493 1458 Pudel,
1526 1419 1609 1449 was

198 1474 322 1525 machſt
350 1474 399 1513 du
426 1473 491 1512 mir
518 1472 575 1522 für
598 1471 767 1521 Sachen?
817 1470 936 1521 Willſt
964 1470 1060 1520 wohl
1089 1480 1155 1520 gar
1179 1470 1262 1520 noch
1284 1470 1337 1510 ein
1355 1469 1611 1520 Naſchkätzchen

198 1536 381 1576 werden?“
427 1535 490 1574 Da
517 1533 602 1584 hing
633 1544 668 1573 er
695 1533 760 1573 den
790 1533 964 1583 Schwanz
990 1532 1049 1572 bis
1079 1531 1144 1581 auf
1171 1531 1227 1571 die
1253 1531 1369 1572 Erden
1396 1531 1466 1571 und
1496 1531 1611 1581 heulte

198 1597 270 1638 und
301 1596 441 1647 ſchämte
471 1595 528 1646 ſich
559 1595 593 1646 ſo
624 1595 705 1645 ſehr.
762 1595 836 1635 Der
864 1594 993 1645 naſchet
1019 1593 1119 1643 wohl
1148 1593 1181 1643 ſo
1212 1593 1296 1633 bald
1325 1593 1411 1643 nicht
1437 1592 1541 1642 mehr.

496 1746 544 1795 9.
586 1742 685 1797 Die
724 1741 988 1810 Wohnung
1026 1740 1105 1795 der
1145 1741 1324 1796 Maus.

506 1838 574 1889 Ich
605 1838 696 1889 frag’
724 1838 779 1878 die
808 1837 948 1878 Maus:
979 1837 1073 1885 „Wo
1103 1838 1145 1888 iſt
1172 1837 1253 1877 dein
1281 1837 1431 1886 Haus?“

456 1901 524 1940 Die
553 1900 679 1940 Maus
707 1900 840 1950 darauf
867 1899 1024 1939 erwidert
1050 1900 1132 1939 mir:

454 1962 593 2012 „Sag's
622 1961 711 2011 nicht
738 1961 798 2001 der
827 1961 928 2011 Katz’,
958 1961 990 2011 ſo
1021 1960 1090 2011 ſag'
1118 1959 1197 2010 ich's
1228 1960 1291 2000 dir.

454 2023 647 2074 Treppauf,
675 2024 834 2073 treppab,
863 2023 925 2074 erſt
952 2022 1067 2072 rechts,
1097 2022 1194 2061 dann
1223 2021 1319 2070 links,

454 2086 549 2126 dann
576 2085 704 2125 wieder
730 2085 839 2135 rechts
867 2083 938 2124 und
969 2083 1064 2123 dann
1093 2082 1280 2133 g'rad'aus
1310 2108 1354 2110 —

454 2148 500 2188 da
528 2147 568 2198 iſt
596 2147 688 2187 mein
716 2146 833 2196 Haus,

454 2210 501 2250 du
529 2209 624 2259 wirſt
652 2219 691 2249 es
721 2208 818 2259 ſchon
846 2208 1010 2248 erblicken.

456 2271 525 2311 Die
551 2270 630 2310 Tür
659 2270 700 2321 iſt
727 2269 820 2317 klein,
849 2270 920 2310 und
948 2268 1054 2319 trittſt
1081 2269 1131 2309 du
1160 2269 1223 2316 ein,

454 2332 573 2383 vergiß
603 2332 700 2383 nicht,
728 2332 800 2382 dich
828 2342 869 2382 zu
896 2331 1049 2371 bücken!“
