1770 2641
384 1831 409 1859 1.
428 1829 513 1859 Beim
538 1828 635 1863 Leſen
660 1827 712 1865 ſiꜩe
738 1826 787 1855 mit
813 1826 969 1864 geſtrecktem
994 1823 1175 1859 Oberkörper!

383 1884 409 1911 2.
428 1882 519 1917 Lehne
543 1881 584 1910 die
610 1880 693 1916 Bruſt
717 1879 784 1917 nicht
809 1888 843 1908 an
867 1879 909 1908 die
935 1877 1104 1914 Tiſchplatte!

384 1937 409 1964 3.
428 1936 521 1970 Lehne
542 1933 595 1970 dich
620 1932 669 1962 mit
691 1932 751 1961 dem
777 1931 881 1961 Rücken
906 1932 955 1960 an!

384 1990 409 2017 4.
427 1987 516 2024 Neige
539 1986 588 2015 den
614 1985 686 2021 Kopf
710 1993 762 2013 nur
787 1987 875 2022 wenig
901 1984 963 2018 nach
988 1983 1068 2011 vorn!

383 2043 409 2070 5.
428 2040 511 2075 Halte
535 2040 584 2067 das
611 2038 685 2075 Buch
711 2037 761 2066 mit
786 2037 880 2065 beiden
899 2037 1016 2072 Händen
1042 2034 1124 2072 ſchräg
1149 2033 1197 2068 auf
1220 2034 1281 2062 dem
1303 2032 1393 2069 Tiſche
1416 2031 1471 2069 feſt!

383 2096 409 2122 6.
427 2092 508 2127 Achte
535 2090 639 2128 darauf,
670 2089 721 2126 daß
754 2089 797 2118 die
830 2088 936 2126 Schrift
965 2087 1124 2124 wenigſtens
1157 2087 1195 2115 35
1223 2095 1272 2115 cm
1302 2093 1364 2113 vom
1394 2084 1471 2122 Auge

429 2144 546 2181 entfernt
568 2143 616 2179 ſei!

383 2199 411 2228 7.
427 2197 495 2227 Lies
519 2196 584 2233 nicht
608 2195 634 2224 in
658 2196 704 2224 der
722 2195 915 2231 Dämmerung
941 2193 1002 2222 oder
1026 2192 1067 2221 bei
1093 2191 1241 2229 ſchwachem
1260 2190 1361 2227 Lichte!
1391 2189 1472 2226 Halte

429 2251 480 2279 das
507 2248 580 2285 Buch
605 2248 671 2285 nicht
694 2247 726 2282 ſo,
744 2246 796 2283 daß
815 2247 856 2275 die
877 2244 1112 2281 Sonnenſtrahlen
1129 2243 1176 2280 auf
1192 2243 1235 2272 die
1256 2242 1359 2279 Schrift
1375 2242 1471 2280 fallen!

383 2304 411 2333 8.
428 2301 495 2332 Lies
520 2301 584 2338 laut,
609 2300 735 2338 langſam,
760 2299 872 2336 deutlich
897 2299 951 2328 und
977 2297 1024 2327 mit
1048 2300 1123 2335 guter
1148 2294 1320 2333 Betonung!

327 287 614 372 Einband
637 288 739 350 der
744 280 1535 372 Verlagsbuchhandlung

329 656 777 752 Ferdinand
809 656 1012 749 Hirt
1037 660 1128 735 in
1141 648 1536 736 Breslau

828 2469 939 2494 Nachdruck
953 2469 1057 2490 verboten.
