1713 2660
800 192 857 205 —
903 170 959 215 80
1002 191 1060 204 —

590 281 675 331 27.
721 278 827 334 Vor
864 277 965 332 dem
1004 275 1295 345 Fiſchhladen.

339 380 457 421 Wenn
479 380 572 421 Otto
604 391 675 421 aus
705 380 763 420 der
790 378 920 428 Schule
948 377 1080 424 kommt,
1111 376 1145 427 ſo
1176 375 1285 416 bleibt
1313 385 1345 415 er
1373 374 1439 425 faſt
1466 374 1636 424 jedesmal

230 443 286 484 bei
315 443 421 483 einem
456 442 704 493 Schaufenſter
734 440 857 492 ſtehen,
899 450 955 480 wo
989 439 1170 488 lebendige
1204 436 1315 488 Fiſche
1346 447 1387 487 zu
1423 435 1518 487 ſehen
1553 435 1637 486 ſind.

230 504 444 555 Lebendige!
503 505 572 545 Die
601 504 812 555 ſchwimmen
839 503 875 542 in
904 502 1008 541 einem
1042 500 1176 551 großen
1206 498 1422 549 Glaskaſten,
1458 498 1517 538 der
1550 496 1636 547 halb

230 566 307 607 voll
346 565 483 617 Waſſer
518 566 567 617 iſt.
627 565 700 616 Oft
734 564 806 616 ſind
848 563 881 614 ſo
915 563 983 603 viel
1015 562 1132 610 darin,
1171 560 1243 610 daß
1279 560 1320 611 ſie
1353 559 1410 610 ſich
1451 570 1516 610 gar
1549 558 1638 608 nicht

230 628 394 678 bewegen
420 627 556 676 können,
585 628 658 668 und
688 637 790 667 wenn
819 625 860 676 ſie
889 625 946 676 ſich
975 625 1038 665 mit
1065 623 1165 673 ihren
1191 623 1342 673 Flügeln
1364 632 1437 662 von
1457 621 1559 671 Haut
1584 621 1639 660 ein

231 690 347 740 wenig
379 690 720 740 vorwärtsſchieben,
757 688 791 739 ſo
827 687 943 738 ſtoßen
976 686 1018 737 ſie
1050 685 1134 736 auch
1169 684 1267 736 ſchon
1299 683 1397 734 gleich
1431 684 1495 724 mit
1529 682 1637 733 ihrem

232 751 351 793 Maul
379 763 425 793 an
453 752 507 792 die
536 751 753 792 Glaswand.

341 814 485 855 Einmal
520 825 596 855 war
634 813 717 864 auch
756 813 811 853 ein
847 812 935 852 toter
974 810 1066 861 Fiſch
1108 810 1227 857 darin;
1271 809 1329 849 der
1370 808 1430 858 lag
1473 807 1538 857 auf
1579 806 1639 846 der

234 877 340 918 Seite
372 877 443 917 und
477 877 628 927 bewegte
663 875 721 927 ſich
757 886 821 925 gar
854 874 940 924 nicht
974 873 1083 924 mehr;
1122 872 1205 912 aber
1242 870 1326 921 ſeine
1357 869 1484 920 Augen
1518 879 1640 908 waren

232 939 315 990 noch
353 939 456 989 offen.
518 931 742 988 Überhaupt,
783 936 829 986 ich
864 936 954 987 habe
988 934 1069 984 noch
1106 933 1221 973 keinen
1257 931 1348 982 Fiſch
1389 930 1537 981 geſehen,
1579 930 1639 970 der

233 1000 320 1052 ſeine
348 1000 474 1051 Augen
500 1000 695 1052 zugemacht
723 999 795 1049 hat.
848 997 912 1037 Ob
943 997 984 1048 ſie
1012 997 1103 1036 denn
1132 994 1283 1035 niemals
1313 993 1479 1044 ſchlafen?

343 1062 413 1102 Ein
442 1062 566 1103 Mann
598 1062 635 1102 in
663 1060 934 1111 Hemdsärmeln
967 1058 1051 1108 griff
1083 1058 1120 1097 in
1152 1057 1223 1096 das
1255 1055 1390 1105 Waſſer
1422 1054 1493 1094 und
1530 1053 1641 1104 packte

235 1125 333 1165 einen
361 1124 498 1174 langen,
533 1124 665 1175 glatten
695 1122 788 1173 Fiſch
817 1122 937 1162 mitten
969 1131 1026 1161 um
1060 1119 1127 1159 den
1156 1117 1255 1158 Leib.
1309 1117 1382 1166 Hu,
1414 1127 1494 1156 was
1528 1115 1640 1166 ſchlug

234 1187 294 1227 der
327 1187 392 1226 mit
429 1187 503 1226 dem
540 1186 728 1236 Schwanz,
766 1184 838 1224 und
875 1184 940 1223 wie
976 1182 1130 1234 zappelte
1168 1181 1217 1220 er!
1284 1178 1445 1228 Beinahe
1481 1177 1567 1217 wär’
1607 1187 1641 1217 er

233 1248 306 1299 ihm
327 1248 640 1300 weggeſprungen.
704 1247 798 1287 Aber
834 1246 891 1286 der
927 1244 1051 1285 Mann
1088 1243 1173 1293 griff
1209 1241 1291 1291 noch
1330 1240 1445 1291 ſchnell
1480 1240 1544 1279 mit
1581 1239 1641 1278 der

236 1311 371 1351 andern
389 1309 496 1359 Hand
520 1322 560 1362 zu
583 1310 656 1351 und
682 1309 775 1359 warf
798 1307 859 1357 ihn
883 1306 946 1357 auf
970 1306 1034 1346 den
1055 1303 1268 1354 Ladentiſch.
1315 1303 1388 1342 Der
1412 1312 1504 1342 arme
1527 1299 1638 1351 Fiſch!

556 1452 641 1501 28.
684 1445 975 1513 Markthalle
1011 1443 1106 1499 und
1149 1441 1331 1498 Markt.

553 1553 586 1590 1.
614 1549 701 1598 Hier
729 1548 770 1599 iſt
798 1545 1007 1598 Jahrmarkt
1035 1545 1135 1596 jeden
1163 1543 1248 1594 Tag

500 1612 537 1652 in
564 1610 677 1661 dieſen
707 1609 840 1660 großen
867 1608 1003 1657 Hallen,

500 1674 554 1713 ein
581 1672 796 1723 Jahrmarkt
824 1671 923 1711 unter
952 1668 1048 1718 Dach
1078 1667 1151 1707 und
1184 1666 1286 1716 Fach,

501 1735 570 1775 das
599 1734 677 1784 läßt
704 1744 788 1773 man
817 1732 873 1783 ſich
904 1730 1066 1781 gefallen!

501 1795 657 1846 Gemüſe,
688 1794 842 1844 Früchte,
872 1792 995 1843 Fleiſch
1025 1791 1098 1832 und
1130 1790 1236 1841 Fiſch,

501 1859 554 1899 ein
582 1857 762 1907 Reichtum
791 1854 1003 1906 ungemeſſen

500 1920 570 1961 und
601 1919 705 1960 Korb
736 1929 784 1959 an
811 1918 912 1958 Korb
942 1916 1013 1957 und
1043 1914 1139 1966 Tiſch
1170 1924 1218 1954 an
1245 1910 1349 1963 Tiſch.

503 1981 589 2022 Wer
620 1981 684 2032 ſoll
712 1980 782 2021 das
812 1980 901 2020 alles
930 1978 1040 2029 eſſen?

556 2099 589 2136 2.
617 2094 754 2145 Hübſch
784 2093 864 2144 iſt's,
894 2092 956 2142 auf
984 2091 1049 2131 den
1078 2088 1207 2130 Markt
1235 2099 1277 2140 zu
1305 2087 1393 2139 gehn

500 2158 608 2198 vieles
639 2157 716 2208 gibt
745 2167 783 2196 es
812 2156 859 2196 da
885 2164 925 2205 zu
954 2152 1039 2204 ſehn.

504 2220 668 2270 Schönes
697 2218 792 2269 Obſt
820 2218 856 2258 in
884 2218 1011 2267 ganzen
1039 2213 1195 2264 Haufen,

502 2280 589 2332 hätt'
616 2281 663 2331 ich
695 2280 798 2328 Geld,
826 2278 871 2329 ich
900 2276 1009 2318 wollt'
1039 2276 1137 2327 ſchon
1165 2274 1302 2325 kaufen!

506 2343 625 2384 Wenn
652 2342 699 2393 ich
729 2341 828 2392 unſer
856 2339 979 2390 Kaiſer
1006 2338 1102 2385 wär',
