1730 2670
662 209 697 212 —
763 186 810 221 85
869 209 916 211 —

508 293 592 342 38.
641 289 765 343 Das
806 288 1066 355 Entchen.

415 395 589 446 Entchen,
622 396 659 446 ſo
688 394 755 446 geh
785 394 871 445 doch
901 395 1048 446 gerade!

362 456 419 495 Es
448 456 489 505 iſt
515 456 553 507 ja
581 468 643 495 um
671 454 745 504 dich
776 455 912 505 ſchade.

361 517 423 555 Du
452 516 605 566 wackelt
635 515 697 566 hin
726 516 799 554 und
829 515 985 567 wackelſt
1015 515 1087 566 her,

362 577 421 615 als
453 576 500 615 ob
529 577 596 615 das
626 575 792 615 Wackeln
823 576 962 626 reizend
991 579 1094 615 wär'.

362 637 477 687 Nein,
510 636 679 686 Entchen,
712 636 807 685 nein,
841 637 910 675 das
940 637 980 686 iſt
1007 636 1100 685 nicht
1127 635 1230 685 recht,

365 698 442 748 haft
471 700 546 736 rote
574 696 709 746 Schuh'
740 697 814 735 und
844 695 941 747 gehſt
963 697 998 747 ſo
1029 696 1182 746 ſchlecht,

430 853 516 901 39.
557 849 715 918 Rate,
754 863 883 902 was
924 847 1029 901 das
1068 847 1140 914 iſt.

392 955 465 1005 Ich
495 954 586 1005 weiß
616 954 672 993 ein
701 953 792 992 bunt
823 953 1001 992 bemaltes
1030 954 1149 1006 Haus,

338 1016 395 1054 ein
425 1016 512 1055 Tier
541 1015 605 1054 mit
633 1016 800 1067 Hörnern
831 1014 956 1064 ſchaut
984 1013 1132 1064 heraus,

338 1077 420 1115 Das
450 1076 581 1115 nimmt
610 1075 664 1114 bei
691 1075 804 1126 jedem
833 1074 973 1124 Schritt
1001 1075 1073 1113 und
1103 1074 1200 1113 Tritt

338 1138 407 1176 das
438 1136 618 1190 Häuslein
647 1137 712 1186 auf
742 1136 821 1174 dem
850 1135 994 1174 Rücken
1024 1135 1102 1174 mit.

339 1197 439 1246 Doch
469 1196 584 1247 rührſt
612 1197 657 1234 du
687 1208 735 1235 an
763 1195 817 1234 die
847 1196 992 1249 Hörner
1020 1195 1104 1246 ſein,

341 1257 424 1307 geht
454 1269 493 1296 es
522 1256 718 1307 geſchwind
746 1256 808 1294 ins
838 1257 948 1309 Haus
978 1255 1113 1305 hinein.

342 1319 442 1356 Was
471 1318 532 1367 für
560 1318 615 1355 ein
644 1316 826 1370 Häuslein
856 1328 945 1366 mag
974 1316 1041 1354 das
1071 1316 1171 1366 ſein?

495 1478 584 1527 40.
623 1472 767 1536 Zum
807 1470 1103 1537 Abzählen.

302 1579 327 1627 1.
362 1579 474 1628 Eins,
505 1577 603 1627 zwei,
634 1578 719 1627 drei,
751 1579 887 1616 Butter
914 1577 954 1615 in
982 1577 1046 1615 den
1075 1576 1178 1626 Brei,

361 1638 451 1689 Salz
482 1638 548 1688 auf
575 1638 639 1676 den
667 1637 789 1688 Speck,
822 1637 870 1676 du
900 1636 1003 1688 mußt
1031 1649 1124 1687 weg.

290 1717 328 1755 2.
361 1716 474 1766 Eins,
505 1716 604 1766 zwei,
636 1716 720 1766 drei,
751 1716 841 1765 vier,
874 1715 972 1765 fünf,
1004 1714 1110 1765 ſechs,
1142 1713 1269 1764 ſieben,

361 1776 438 1814 eine
469 1776 705 1827 Bauersfrau
734 1775 829 1825 kocht
858 1774 1006 1825 Rüben,

363 1836 441 1874 eine
471 1836 708 1886 Bauersfrau
737 1836 832 1885 kocht
861 1835 984 1885 Speck,

359 1897 434 1935 und
465 1897 513 1935 du
542 1896 643 1947 mußt
672 1909 762 1946 weg.

477 2047 565 2096 41.
604 2042 1118 2110 Zungenübungen.

180 2152 206 2199 1.
235 2150 389 2199 Meiſter
417 2149 572 2199 Müller,
603 2149 721 2200 mahle
738 2149 820 2206 mir
849 2149 965 2187 meine
993 2150 1107 2199 Metze
1136 2148 1266 2197 Mehl;

231 2222 384 2260 morgen
413 2209 502 2261 muß
531 2209 600 2248 mir
628 2210 740 2248 meine
768 2211 919 2249 Mutter
948 2208 1155 2258 Milchmus
1184 2208 1347 2258 machen.

161 2289 200 2328 2.
230 2288 303 2326 Der
331 2286 577 2338 Poſtkutſcher
605 2290 694 2337 putzt
722 2288 787 2326 den
815 2285 1151 2338 Poſtkutſchkaſten.

161 2366 200 2405 3.
230 2364 367 2405 Sieben
397 2364 696 2415 Schneeſchipper
725 2364 891 2415 ſchippen
920 2364 1033 2414 ſieben
1061 2364 1244 2414 Schippen
1273 2363 1426 2413 Schnee.
