1705 2651
771 201 824 213 —
871 179 926 223 86
973 200 1029 213 —

625 290 714 340 42.
754 285 860 348 Im
896 284 1175 341 Sommer.

552 394 594 433 O
624 395 717 432 wär'
744 391 796 442 ich
824 391 908 441 doch
936 391 991 430 ein
1019 390 1208 441 Vögelein,

501 459 568 498 wie
597 458 702 508 luſtig
729 456 841 496 wollt'
870 455 921 505 ich
949 455 1078 506 fliegen

501 524 572 562 und
601 522 668 561 mit
696 523 773 560 dem
803 520 924 571 ſpitzen
952 518 1195 569 Schnäbelein

500 588 553 626 die
581 589 683 626 roten
711 585 882 635 Kirſchen
912 584 1069 634 kriegen!

500 651 597 701 Doch
627 651 710 690 weil
738 649 790 699 ich
818 661 895 688 nun
924 648 997 687 kein
1024 648 1181 698 Vöglein
1211 647 1285 697 bin,

501 717 537 767 ſo
567 715 656 766 muß
684 714 735 765 ich
763 714 890 753 immer
918 713 1040 763 laufen

502 781 575 819 und
603 778 692 831 muß
720 778 791 818 mir
818 777 872 816 bei
900 778 959 816 der
985 776 1184 830 Händlerin

500 845 561 895 für
589 844 692 883 einen
719 842 843 882 Dreier
872 842 1011 892 kaufen.

698 1028 785 1077 43.
823 1022 921 1076 Die
957 1021 1110 1088 Roſe.

296 1133 364 1172 Die
392 1131 592 1181 Blümchen
623 1129 767 1169 wollten
796 1128 870 1166 eine
897 1127 1061 1177 Königin
1091 1125 1225 1176 haben.
1278 1125 1367 1163 Wer
1395 1123 1491 1174 ſollte
1520 1122 1607 1161 aber

194 1198 362 1249 Königin
391 1197 492 1248 ſein?
537 1196 604 1235 Die
624 1194 735 1245 große
754 1192 1029 1233 Sonnenblume
1056 1191 1199 1242 ſprach:
1232 1189 1326 1240 „Ich
1346 1189 1421 1228 will
1439 1188 1607 1238 Königin

196 1265 382 1303 werden!“
429 1262 495 1301 Die
523 1261 622 1311 ſtolze
643 1260 763 1310 Tulpe
792 1259 873 1308 rief:
905 1257 1037 1307 „Nein,
1069 1256 1121 1306 ich
1150 1256 1226 1294 will
1254 1267 1291 1293 es
1321 1253 1413 1304 ſein;
1442 1254 1534 1291 denn
1554 1251 1606 1301 ich

196 1329 259 1368 bin
286 1328 377 1367 bunt
404 1327 476 1366 und
503 1325 622 1376 fein!“
671 1324 773 1363 Aber
801 1323 853 1362 die
882 1321 1084 1371 Blümchen
1113 1320 1235 1371 holten
1262 1319 1315 1358 die
1342 1318 1437 1366 Roſe
1464 1317 1503 1356 in
1529 1317 1608 1367 ihre

195 1393 311 1433 Mitte
339 1392 410 1431 und
440 1390 608 1442 ſprachen
636 1401 679 1440 zu
706 1388 783 1438 ihr:
814 1387 937 1435 „Liebe
965 1387 1078 1436 Roſe,
1117 1385 1163 1435 ſei
1192 1385 1240 1423 du
1268 1384 1389 1434 unſere
1416 1381 1606 1432 Königin!

195 1459 300 1497 Denn
339 1457 430 1495 keine
459 1455 596 1495 Blume
631 1454 695 1504 hat
729 1454 829 1492 einen
859 1454 895 1503 ſo
925 1451 1033 1502 ſüßen
1061 1450 1153 1500 Duft
1181 1449 1250 1488 wie
1277 1449 1336 1498 du,
1366 1447 1439 1486 und
1467 1447 1515 1485 du
1543 1445 1608 1495 biſt

195 1535 244 1562 an
274 1522 415 1572 Geſtalt
449 1521 519 1559 und
547 1519 667 1571 Farbe
701 1518 840 1569 ſchöner
872 1517 930 1556 als
964 1516 1032 1555 wir
1066 1515 1171 1554 alle.“
1229 1513 1296 1553 Die
1324 1512 1420 1561 Roſe
1455 1524 1536 1550 war
1568 1522 1608 1549 es

194 1588 386 1639 zufrieden.
442 1586 523 1624 Und
558 1585 621 1634 ſeit
657 1584 765 1633 dieſer
794 1583 877 1634 Zeit
909 1582 948 1631 iſt
979 1581 1022 1631 ſie
1055 1580 1185 1618 immer
1212 1578 1376 1628 Königin
1409 1575 1606 1627 geblieben.

512 1760 601 1809 44.
643 1755 740 1810 Die
779 1754 932 1808 kleine
970 1749 1289 1807 Gärtnerin.

196 1866 327 1906 Meine
355 1863 555 1913 Blümchen
585 1862 704 1913 haben
732 1862 850 1911 Durſt,

197 1931 304 1981 hab’s
333 1942 399 1981 gar
426 1928 525 1978 wohl
553 1926 719 1978 geſehen;

197 1995 333 2045 hurtig,
361 1993 482 2044 hurtig
510 1992 584 2031 will
612 1991 664 2041 ich
694 1992 798 2029 drum

197 2059 260 2110 hin
287 2071 369 2110 zum
397 2058 577 2097 Brunnen
606 2056 734 2106 gehen,

965 1857 1126 1911 Friſches
1156 1856 1297 1907 Waſſer
1330 1855 1401 1905 hol'
1429 1855 1480 1903 ich
1509 1854 1606 1904 euch,

967 1926 1096 1963 wartet
1123 1934 1195 1961 nur
1224 1921 1279 1960 ein
1306 1918 1502 1969 Weilchen,

967 1990 1096 2027 wartet
1122 1997 1205 2036 nur,
1237 1984 1294 2035 ihr
1321 1984 1477 2023 Röslein
1505 1985 1563 2022 rot

967 2052 1039 2091 und
1068 2050 1125 2100 ihr
1154 2049 1287 2088 blauen
1314 2049 1493 2099 Veilchen.

530 2176 636 2227 Seht,
668 2176 743 2226 hier
772 2175 859 2226 habt
888 2174 943 2224 ihr
970 2171 1114 2222 Waſſer
1143 2170 1266 2221 ſchon;

532 2237 638 2276 trinkt
665 2248 741 2275 nun
770 2236 835 2275 mit
862 2233 1052 2284 Behagen,

531 2297 638 2348 blüht
666 2297 738 2335 und
768 2297 881 2346 duftet
907 2293 994 2343 noch
1023 2291 1115 2340 recht
1145 2292 1257 2342 lang’,

533 2358 634 2397 wollt
662 2356 719 2407 ihr
747 2356 850 2396 Dank
878 2355 947 2394 mir
975 2355 1098 2404 ſagen.
