<?xml version="1.0" encoding="UTF-8"?>
<PcGts xmlns="http://schema.primaresearch.org/PAGE/gts/pagecontent/2019-07-15" xmlns:xsi="http://www.w3.org/2001/XMLSchema-instance" xsi:schemaLocation="http://schema.primaresearch.org/PAGE/gts/pagecontent/2019-07-15 http://schema.primaresearch.org/PAGE/gts/pagecontent/2019-07-15/pagecontent.xsd">
	<Metadata>
	<Creator></Creator>
	<Created>2021-03-26T21:02:25</Created>
	<LastChange>2021-03-26T21:15:23</LastChange></Metadata>
	<Page imageFilename="00000065.tif" imageXResolution="300.00000" imageYResolution="300.00000" imageWidth="1726" imageHeight="2666" type="content" primaryLanguage="German" primaryScript="Latf - Latin (Fraktur variant)">
	<ReadingOrder>
	<OrderedGroup id="ro357564684568544579089">
	<RegionRefIndexed regionRef="r0" index="0"/>
	<RegionRefIndexed regionRef="r3" index="1"/>
	<RegionRefIndexed regionRef="r2" index="2"/>
	<RegionRefIndexed regionRef="r1" index="3"/>
	<RegionRefIndexed regionRef="r4" index="4"/>
	<RegionRefIndexed regionRef="r5" index="5"/>
	<RegionRefIndexed regionRef="r7" index="6"/>
	<RegionRefIndexed regionRef="r8" index="7"/></OrderedGroup></ReadingOrder>
	<TextRegion id="r0" type="page-number">
	<Coords points="812,173 812,174 813,174 813,175 814,175 814,176 815,176 815,177 816,177 816,193 817,193 817,194 922,194 922,195 923,195 923,205 903,205 903,206 817,206 817,210 816,210 816,212 815,212 815,213 814,213 814,214 812,214 812,215 810,215 810,216 781,216 781,217 771,217 771,216 765,216 765,215 764,215 764,214 762,214 762,213 761,213 761,211 760,211 760,208 657,208 657,197 661,197 661,196 762,196 762,190 763,190 763,174 764,174 764,173"/>
	<TextLine id="l1">
	<Coords points="765,178 813,178 813,199 919,199 919,202 813,202 813,213 765,213 765,204 662,204 662,201 765,201"/>
	<Word id="w2">
	<Coords points="662,201 708,201 708,204 662,204"/>
	<TextEquiv conf="0.25174">
	<Unicode>—</Unicode></TextEquiv></Word>
	<Word id="w3">
	<Coords points="765,178 813,178 813,213 765,213"/>
	<TextEquiv conf="0.73332">
	<Unicode>53</Unicode></TextEquiv></Word>
	<Word id="w4">
	<Coords points="869,199 919,199 919,202 869,202"/>
	<TextEquiv conf="0.81537">
	<Unicode>—</Unicode></TextEquiv></Word>
	<TextEquiv conf="0.60014">
	<Unicode>— 53 —</Unicode></TextEquiv></TextLine>
	<TextEquiv>
	<Unicode>— 53 —</Unicode></TextEquiv></TextRegion>
	<TextRegion id="r1" type="paragraph">
	<Coords points="1077,283 1077,284 1080,284 1080,285 1082,285 1082,286 1083,286 1083,287 1084,287 1084,289 1085,289 1085,290 1086,290 1086,292 1087,292 1087,304 1088,304 1088,305 1089,305 1089,306 1094,306 1094,317 1093,317 1093,318 1092,318 1092,350 1091,350 1091,353 1090,353 1090,355 1089,355 1089,357 1088,357 1088,359 1087,359 1087,360 1086,360 1086,362 1085,362 1085,363 1084,363 1084,364 1083,364 1083,365 1082,365 1082,366 1081,366 1081,367 1080,367 1080,368 1079,368 1079,369 1077,369 1077,370 1076,370 1076,371 1074,371 1074,372 1072,372 1072,373 1070,373 1070,374 1067,374 1067,375 925,375 925,374 924,374 924,373 922,373 922,372 921,372 921,371 919,371 919,370 917,370 917,369 915,369 915,368 913,368 913,367 909,367 909,366 907,366 907,324 904,324 904,312 905,312 905,311 906,311 906,310 907,310 907,309 909,309 909,308 910,308 910,307 911,307 911,306 912,306 912,305 913,305 913,304 1012,304 1012,298 1013,298 1013,295 1014,295 1014,293 1015,293 1015,291 1016,291 1016,290 1017,290 1017,289 1018,289 1018,288 1019,288 1019,287 1021,287 1021,286 1022,286 1022,285 1024,285 1024,284 1027,284 1027,283"/>
	<TextLine id="l10">
	<Coords points="1016,288 1090,288 1090,371 909,371 909,309 1016,309"/>
	<Word id="w12">
	<Coords points="909,309 952,309 952,371 909,371"/>
	<TextEquiv conf="0.91768">
	<Unicode>v</Unicode></TextEquiv></Word>
	<Word id="w14">
	<Coords points="1016,288 1090,288 1090,371 1016,371"/>
	<TextEquiv conf="0.65736">
	<Unicode>V</Unicode></TextEquiv></Word>
	<TextEquiv conf="0.78752">
	<Unicode>v V</Unicode></TextEquiv></TextLine>
	<TextEquiv>
	<Unicode>v V</Unicode></TextEquiv></TextRegion>
	<TextRegion id="r2" type="paragraph">
	<Coords points="486,282 486,441 857,441 857,282"/>
	<TextLine id="l187">
	<Coords points="534,284 534,381 798,381 798,284"/>
	<Word id="w188">
	<Coords points="533,338 533,386 626,386 626,338"/>
	<TextEquiv>
	<Unicode>v</Unicode></TextEquiv></Word>
	<Word id="w189">
	<Coords points="685,278 685,385 794,385 794,278"/>
	<TextEquiv>
	<Unicode>V</Unicode></TextEquiv></Word>
	<TextEquiv>
	<Unicode>v V</Unicode></TextEquiv></TextLine>
	<TextEquiv>
	<Unicode>v V</Unicode></TextEquiv></TextRegion>
	<TextRegion id="r3" type="marginalia">
	<Coords points="130,257 130,258 135,258 135,259 137,259 137,260 138,260 138,261 140,261 140,263 141,263 141,264 142,264 142,267 143,267 143,288 144,288 144,298 159,298 159,299 160,299 160,302 161,302 161,313 160,313 160,315 159,315 159,316 73,316 73,285 72,285 72,282 71,282 71,271 72,271 72,267 73,267 73,265 74,265 74,263 75,263 75,262 76,262 76,261 78,261 78,260 80,260 80,259 83,259 83,258 120,258 120,257"/>
	<TextLine id="l16">
	<Coords points="76,262 157,262 157,312 76,312"/>
	<Word id="w18">
	<Coords points="76,262 157,262 157,312 76,312"/>
	<TextEquiv conf="0.51003">
	<Unicode>23.</Unicode></TextEquiv></Word>
	<TextEquiv conf="0.51003">
	<Unicode>23.</Unicode></TextEquiv></TextLine>
	<TextEquiv>
	<Unicode>23.</Unicode></TextEquiv></TextRegion>
	<TextRegion id="r4" type="paragraph">
	<Coords points="1047,461 1047,478 1170,478 1170,477 1171,477 1171,476 1172,476 1172,475 1173,475 1173,474 1176,474 1176,473 1268,473 1268,472 1271,472 1271,471 1281,471 1281,472 1306,472 1306,517 1307,517 1307,559 1355,559 1355,571 1428,571 1428,572 1429,572 1429,573 1430,573 1430,574 1431,574 1431,575 1433,575 1433,576 1434,576 1434,577 1436,577 1436,604 1438,604 1438,646 1444,646 1444,659 1447,659 1447,660 1448,660 1448,661 1450,661 1450,663 1451,663 1451,664 1452,664 1452,665 1453,665 1453,667 1454,667 1454,670 1455,670 1455,677 1456,677 1456,747 1512,747 1512,748 1513,748 1513,749 1514,749 1514,750 1515,750 1515,754 1516,754 1516,765 1515,765 1515,767 1514,767 1514,789 1513,789 1513,790 1512,790 1512,791 1511,791 1511,792 1510,792 1510,793 1508,793 1508,794 1507,794 1507,795 1506,795 1506,796 1479,796 1479,797 1478,797 1478,798 1444,798 1444,799 1363,799 1363,800 1305,800 1305,801 1251,801 1251,802 1223,802 1223,803 1067,803 1067,806 1066,806 1066,809 1065,809 1065,811 1064,811 1064,812 1063,812 1063,813 1061,813 1061,814 1059,814 1059,815 1055,815 1055,816 1040,816 1040,815 1037,815 1037,814 1035,814 1035,813 1033,813 1033,811 1032,811 1032,805 561,805 561,810 560,810 560,812 559,812 559,813 558,813 558,814 557,814 557,815 556,815 556,816 554,816 554,817 551,817 551,818 534,818 534,817 531,817 531,816 529,816 529,815 528,815 528,813 527,813 527,806 281,806 281,807 133,807 133,808 131,808 131,809 90,809 90,808 88,808 88,807 87,807 87,806 86,806 86,805 85,805 85,804 79,804 79,768 78,768 78,699 77,699 77,625 75,625 75,489 76,489 76,486 77,486 77,484 78,484 78,482 79,482 79,481 81,481 81,480 83,480 83,479 258,479 258,478 260,478 260,477 419,477 419,476 596,476 596,475 934,475 934,476 936,476 936,477 937,477 937,478 1036,478 1036,461"/>
	<TextLine id="l20">
	<Coords points="1171,476 1303,476 1303,534 977,534 977,547 814,547 814,536 604,536 604,548 522,548 522,537 270,537 270,550 134,550 134,539 80,539 80,484 134,484 134,482 414,482 414,481 522,481 522,480 1171,480"/>
	<Word id="w22">
	<Coords points="134,482 270,482 270,550 134,550 134,539 80,539 80,484 134,484"/>
	<TextEquiv conf="0.96923">
	<Unicode>Vogel</Unicode></TextEquiv></Word>
	<Word id="w26">
	<Coords points="522,480 604,480 604,548 522,548 522,537 414,537 414,481 522,481"/>
	<TextEquiv conf="0.96686">
	<Unicode>Vögel</Unicode></TextEquiv></Word>
	<Word id="w6">
	<Coords points="724,480 977,480 977,547 814,547 814,536 724,536"/>
	<TextEquiv conf="0.77215">
	<Unicode>Vöglein</Unicode></TextEquiv></Word>
	<Word id="w8">
	<Coords points="1171,476 1303,476 1303,534 1171,534"/>
	<TextEquiv conf="0.92962">
	<Unicode>Volk</Unicode></TextEquiv></Word>
	<TextEquiv conf="0.92802">
	<Unicode>Vogel Vögel Vöglein Volk</Unicode></TextEquiv></TextLine>
	<TextLine id="l28">
	<Coords points="1171,564 1434,564 1434,632 1316,632 1316,622 867,622 867,625 519,625 519,626 264,626 264,627 130,627 130,628 80,628 80,572 413,572 413,569 1171,569"/>
	<Word id="w11">
	<Coords points="80,572 264,572 264,627 130,627 130,628 80,628"/>
	<TextEquiv conf="0.96851">
	<Unicode>Vater</Unicode></TextEquiv></Word>
	<Word id="w13">
	<Coords points="413,569 519,569 519,570 615,570 615,625 519,625 519,626 413,626"/>
	<TextEquiv conf="0.95765">
	<Unicode>Vetter</Unicode></TextEquiv></Word>
	<Word id="w15">
	<Coords points="722,569 867,569 867,625 722,625"/>
	<TextEquiv conf="0.96615">
	<Unicode>Vers</Unicode></TextEquiv></Word>
	<Word id="w16">
	<Coords points="1171,564 1434,564 1434,632 1316,632 1316,622 1171,622"/>
	<TextEquiv conf="0.96376">
	<Unicode>Veilchen</Unicode></TextEquiv></Word>
	<TextEquiv conf="0.90235">
	<Unicode>Vater Vetter Vers Veilchen</Unicode></TextEquiv></TextLine>
	<TextLine id="l18">
	<Coords points="1353,651 1452,651 1452,719 1332,719 1332,722 897,722 897,724 720,724 720,714 300,714 300,729 82,729 82,660 416,660 416,658 720,658 720,657 1170,657 1170,653 1353,653"/>
	<Word id="w19">
	<Coords points="82,660 300,660 300,729 82,729"/>
	<TextEquiv conf="0.95729">
	<Unicode>Guſtav</Unicode></TextEquiv></Word>
	<Word id="w20">
	<Coords points="416,658 550,658 550,714 416,714"/>
	<TextEquiv conf="0.90429">
	<Unicode>Eva</Unicode></TextEquiv></Word>
	<Word id="w21">
	<Coords points="720,657 897,657 897,724 720,724"/>
	<TextEquiv conf="0.92979">
	<Unicode>Franz</Unicode></TextEquiv></Word>
	<Word id="w34">
	<Coords points="1353,651 1452,651 1452,719 1332,719 1332,722 1170,722 1170,653 1353,653"/>
	<TextEquiv conf="0.93286">
	<Unicode>Friedrich</Unicode></TextEquiv></Word>
	<TextEquiv conf="0.91971">
	<Unicode>Guſtav Eva Franz Friedrich</Unicode></TextEquiv></TextLine>
	<TextLine id="l24">
	<Coords points="1422,739 1512,739 1512,795 1403,795 1403,797 1261,797 1261,799 1063,799 1063,812 610,812 610,814 417,814 417,805 83,805 83,747 417,747 417,746 723,746 723,745 1175,745 1175,743 1422,743"/>
	<Word id="w36">
	<Coords points="417,746 610,746 610,814 417,814"/>
	<TextEquiv conf="0.95727">
	<Unicode>Nagel</Unicode></TextEquiv></Word>
	<Word id="w27">
	<Coords points="723,745 1063,745 1063,812 723,812"/>
	<TextEquiv conf="0.91722">
	<Unicode>Vormittag</Unicode></TextEquiv></Word>
	<Word id="w28">
	<Coords points="1422,739 1512,739 1512,795 1403,795 1403,797 1261,797 1261,799 1175,799 1175,743 1261,743 1261,753 1422,753"/>
	<TextEquiv conf="0.96407">
	<Unicode>November</Unicode></TextEquiv></Word>
	<Word id="w190">
	<Coords points="123,749 123,750 125,750 125,751 126,751 126,752 127,752 127,753 128,753 128,756 129,756 129,762 130,762 130,764 134,764 134,765 135,765 135,797 134,797 134,798 133,798 133,799 131,799 131,800 130,800 130,801 129,801 129,802 128,802 128,803 126,803 126,804 95,804 95,803 93,803 93,802 92,802 92,801 91,801 91,800 90,800 90,799 84,799 84,763 83,763 83,760 84,760 84,756 85,756 85,754 86,754 86,753 87,753 87,752 88,752 88,751 90,751 90,750 92,750 92,749"/>
	<TextEquiv conf="0.78683">
	<Unicode>N</Unicode></TextEquiv></Word>
	<Word id="w192">
	<Coords points="261,748 285,748 285,749 286,749 286,750 287,750 287,751 288,751 288,752 289,752 289,753 290,753 290,759 291,759 291,762 292,762 292,763 293,763 293,764 294,764 294,766 293,766 293,788 292,788 292,790 291,790 291,792 290,792 290,793 289,793 289,794 288,794 288,795 287,795 287,796 286,796 286,797 285,797 285,798 283,798 283,799 282,799 282,800 280,800 280,801 276,801 276,802 266,802 266,801 263,801 263,800 262,800 262,799 260,799 260,798 259,798 259,797 246,797 246,795 245,795 246,795 246,755 247,755 247,753 248,753 248,752 249,752 249,751 250,751 250,750 251,750 251,749 253,749 253,748 261,748 261,747"/>
	<TextEquiv conf="0.78683">
	<Unicode>V</Unicode></TextEquiv></Word>
	<Word id="w193">
	<Coords points="222,782 221,782 221,783 161,783 161,784 157,784 157,783 159,783 159,782"/>
	<TextEquiv conf="0.78683">
	<Unicode>—</Unicode></TextEquiv></Word>
	<TextEquiv conf="0.91328">
	<Unicode>N — V Nagel Vormittag November</Unicode></TextEquiv></TextLine>
	<TextEquiv>
	<Unicode>Vogel Vögel Vöglein Volk
Vater Vetter Vers Veilchen
Guſtav Eva Franz Friedrich
N — V Nagel Vormittag November</Unicode></TextEquiv></TextRegion>
	<TextRegion id="r5" type="paragraph">
	<Coords points="1278,834 1278,880 1279,880 1279,893 1277,893 1277,894 1276,894 1276,895 1275,895 1275,896 1273,896 1273,897 1272,897 1272,898 1220,898 1220,899 1201,899 1201,900 1200,900 1200,906 1199,906 1199,912 1198,912 1198,913 1186,913 1186,912 1185,912 1185,904 1184,904 1184,901 793,901 793,902 653,902 653,903 362,903 362,906 361,906 361,907 360,907 360,908 359,908 359,909 358,909 358,911 356,911 356,912 355,912 355,913 353,913 353,914 350,914 350,915 331,915 331,914 327,914 327,913 325,913 325,912 323,912 323,911 322,911 322,910 321,910 321,909 320,909 320,908 319,908 319,907 318,907 318,905 317,905 317,903 316,903 316,867 315,867 315,865 314,865 314,846 315,846 315,845 316,845 316,844 317,844 317,843 318,843 318,842 319,842 319,841 321,841 321,840 323,840 323,839 328,839 328,838 338,838 338,839 674,839 674,838 685,838 685,839 739,839 739,850 1000,850 1000,839 1001,839 1001,838 1002,838 1002,837 1065,837 1065,836 1184,836 1184,835 1265,835 1265,834"/>
	<TextLine id="l40">
	<Coords points="1181,839 1275,839 1275,909 1181,909 1181,897 801,897 801,898 667,898 667,899 395,899 395,911 319,911 319,843 395,843 395,844 671,844 671,843 968,843 968,841 1181,841"/>
	<Word id="w42">
	<Coords points="319,843 395,843 395,844 509,844 509,899 395,899 395,911 319,911"/>
	<TextEquiv conf="0.96686">
	<Unicode>Feder</Unicode></TextEquiv></Word>
	<Word id="w46">
	<Coords points="530,878 595,878 595,880 530,880"/>
	<TextEquiv conf="0.91228">
	<Unicode>—</Unicode></TextEquiv></Word>
	<Word id="w48">
	<Coords points="671,843 801,843 801,898 667,898 667,899 617,899 617,844 671,844"/>
	<TextEquiv conf="0.96206">
	<Unicode>Väter</Unicode></TextEquiv></Word>
	<Word id="w52">
	<Coords points="968,841 1074,841 1074,897 968,897"/>
	<TextEquiv conf="0.89289">
	<Unicode>viel</Unicode></TextEquiv></Word>
	<Word id="w54">
	<Coords points="1095,875 1161,875 1161,878 1095,878"/>
	<TextEquiv conf="0.89289">
	<Unicode>—</Unicode></TextEquiv></Word>
	<Word id="w9">
	<Coords points="1181,839 1275,839 1275,909 1181,909"/>
	<TextEquiv conf="0.96268">
	<Unicode>fiel</Unicode></TextEquiv></Word>
	<TextEquiv conf="0.93554">
	<Unicode>Feder — Väter viel — fiel</Unicode></TextEquiv></TextLine>
	<TextEquiv>
	<Unicode>Feder — Väter viel — fiel</Unicode></TextEquiv></TextRegion>
	<ImageRegion id="r6">
	<Coords points="1348,957 1348,959 1353,959 1353,960 1359,960 1359,963 1365,963 1365,965 1366,965 1366,1053 1370,1053 1370,1054 1371,1054 1371,1166 1372,1166 1372,1239 1373,1239 1373,1245 1374,1245 1374,1266 1373,1266 1373,1540 1375,1540 1375,1731 1377,1731 1377,1742 1376,1742 1376,1748 1375,1748 1375,1782 1374,1782 1374,1783 1367,1783 1367,1789 1366,1789 1366,1790 1343,1790 1343,1793 1335,1793 1335,1795 1311,1795 1311,1798 1292,1798 1292,1804 1291,1804 1291,1805 1283,1805 1283,1807 1277,1807 1277,1808 1272,1808 1272,1813 1271,1813 1271,1814 1182,1814 1182,1815 1181,1815 1181,1816 1174,1816 1174,1817 1136,1817 1136,1818 1125,1818 1125,1811 996,1811 996,1815 983,1815 983,1816 982,1816 982,1817 979,1817 979,1818 978,1818 978,1819 968,1819 968,1818 967,1818 967,1808 794,1808 794,1817 744,1817 744,1816 743,1816 743,1814 502,1814 502,1817 471,1817 471,1818 470,1818 470,1819 383,1819 383,1821 382,1821 382,1822 372,1822 372,1820 346,1820 346,1818 340,1818 340,1815 335,1815 335,1811 328,1811 328,1809 323,1809 323,1807 317,1807 317,1805 304,1805 304,1800 299,1800 299,1798 293,1798 293,1797 287,1797 287,1795 280,1795 280,1792 268,1792 268,1791 262,1791 262,1790 256,1790 256,1786 248,1786 248,1767 247,1767 247,1766 244,1766 244,1764 239,1764 239,1720 238,1720 238,1706 237,1706 237,1689 238,1689 238,1577 237,1577 237,1575 236,1575 236,1573 235,1573 235,1552 228,1552 228,1551 227,1551 227,1549 226,1549 226,1548 225,1548 225,1547 224,1547 224,1543 223,1543 223,1540 222,1540 222,1539 221,1539 221,1528 220,1528 220,1517 219,1517 219,1501 224,1501 224,1434 225,1434 225,1428 246,1428 246,1402 249,1402 249,1371 254,1371 254,1183 249,1183 249,1112 248,1112 248,1102 250,1102 250,1095 252,1095 252,983 251,983 251,972 263,972 263,971 291,971 291,969 326,969 326,965 327,965 327,964 337,964 337,965 338,965 338,967 489,967 489,966 490,966 490,965 495,965 495,964 506,964 506,965 619,965 619,964 757,964 757,962 768,962 768,963 859,963 859,965 864,965 864,967 976,967 976,963 987,963 987,961 997,961 997,964 1119,964 1119,963 1125,963 1125,962 1174,962 1174,961 1218,961 1218,960 1273,960 1273,959 1331,959 1331,957"/></ImageRegion>
	<TextRegion id="r7" type="heading">
	<Coords points="989,1886 989,1897 1014,1897 1014,1898 1040,1898 1040,1899 1041,1899 1041,1900 1042,1900 1042,1901 1043,1901 1043,1902 1044,1902 1044,1903 1045,1903 1045,1922 1055,1922 1055,1923 1057,1923 1057,1924 1058,1924 1058,1927 1059,1927 1059,1939 1058,1939 1058,1940 1057,1940 1057,1941 1056,1941 1056,1942 871,1942 871,1943 678,1943 678,1948 677,1948 677,1950 676,1950 676,1951 675,1951 675,1952 674,1952 674,1953 672,1953 672,1954 669,1954 669,1955 654,1955 654,1954 650,1954 650,1953 649,1953 649,1952 648,1952 648,1950 647,1950 647,1945 572,1945 572,1944 569,1944 569,1943 568,1943 568,1942 566,1942 566,1941 556,1941 556,1940 555,1940 555,1912 554,1912 554,1897 555,1897 555,1894 556,1894 556,1893 557,1893 557,1892 558,1892 558,1891 560,1891 560,1890 562,1890 562,1889 708,1889 708,1888 710,1888 710,1887 886,1887 886,1886"/>
	<TextLine id="l56">
	<Coords points="847,1891 1055,1891 1055,1938 926,1938 926,1939 719,1939 719,1951 650,1951 650,1941 559,1941 559,1894 650,1894 650,1892 847,1892"/>
	<Word id="w58">
	<Coords points="650,1892 719,1892 719,1951 650,1951 650,1941 559,1941 559,1894 650,1894"/>
	<TextEquiv conf="0.96119">
	<Unicode>Vögel</Unicode></TextEquiv></Word>
	<Word id="w62">
	<Coords points="752,1892 813,1892 813,1939 752,1939"/>
	<TextEquiv conf="0.94788">
	<Unicode>im</Unicode></TextEquiv></Word>
	<Word id="w64">
	<Coords points="847,1891 1055,1891 1055,1938 926,1938 926,1939 847,1939"/>
	<TextEquiv conf="0.96343">
	<Unicode>Winter.</Unicode></TextEquiv></Word>
	<TextEquiv conf="0.95660">
	<Unicode>Vögel im Winter.</Unicode></TextEquiv></TextLine>
	<TextEquiv>
	<Unicode>Vögel im Winter.</Unicode></TextEquiv></TextRegion>
	<TextRegion id="r8" type="paragraph">
	<Coords points="1391,1969 1391,1970 1397,1970 1397,1978 1508,1978 1508,1979 1509,1979 1509,1980 1510,1980 1510,1981 1512,1981 1512,1999 1522,1999 1522,2000 1523,2000 1523,2061 1527,2061 1527,2167 1528,2167 1528,2188 1529,2188 1529,2237 1530,2237 1530,2324 1529,2324 1529,2325 1528,2325 1528,2326 1527,2326 1527,2327 1525,2327 1525,2328 1484,2328 1484,2330 1483,2330 1483,2332 1482,2332 1482,2333 1481,2333 1481,2334 1480,2334 1480,2336 1478,2336 1478,2337 1452,2337 1452,2364 1442,2364 1442,2339 1417,2339 1417,2338 1416,2338 1416,2329 1254,2329 1254,2330 1222,2330 1222,2341 1210,2341 1210,2340 1124,2340 1124,2339 1123,2339 1123,2338 1121,2338 1121,2337 1120,2337 1120,2336 1119,2336 1119,2335 1118,2335 1118,2333 1117,2333 1117,2331 948,2331 948,2332 890,2332 890,2392 889,2392 889,2393 887,2393 887,2394 830,2394 830,2395 777,2395 777,2396 776,2396 776,2398 775,2398 775,2399 774,2399 774,2400 773,2400 773,2402 772,2402 772,2403 770,2403 770,2404 769,2404 769,2405 740,2405 740,2406 728,2406 728,2403 616,2403 616,2404 615,2404 615,2405 596,2405 596,2404 594,2404 594,2403 593,2403 593,2402 592,2402 592,2396 402,2396 402,2397 321,2397 321,2398 309,2398 309,2399 297,2399 297,2403 296,2403 296,2404 295,2404 295,2406 293,2406 293,2407 292,2407 292,2408 290,2408 290,2409 271,2409 271,2408 268,2408 268,2407 267,2407 267,2405 266,2405 266,2399 150,2399 150,2400 149,2400 149,2403 148,2403 148,2405 147,2405 147,2406 146,2406 146,2407 145,2407 145,2408 114,2408 114,2409 113,2409 113,2410 111,2410 111,2411 99,2411 99,2410 95,2410 95,2409 94,2409 94,2407 93,2407 93,2333 92,2333 92,2294 93,2294 93,2181 92,2181 92,2045 93,2045 93,2044 94,2044 94,2043 95,2043 95,2042 97,2042 97,2041 198,2041 198,1989 199,1989 199,1986 200,1986 200,1984 201,1984 201,1983 202,1983 202,1982 204,1982 204,1981 207,1981 207,1980 313,1980 313,1979 316,1979 316,1978 360,1978 360,1979 504,1979 504,1978 505,1978 505,1977 640,1977 640,1976 642,1976 642,1975 654,1975 654,1986 866,1986 866,1983 867,1983 867,1981 868,1981 868,1979 869,1979 869,1978 870,1978 870,1977 872,1977 872,1976 874,1976 874,1975 879,1975 879,1974 996,1974 996,1973 1205,1973 1205,1972 1377,1972 1377,1970 1381,1970 1381,1969"/>
	<TextLine id="l68">
	<Coords points="1379,1974 1435,1974 1435,1983 1519,1983 1519,2012 1435,2012 1435,2024 1363,2024 1363,2025 1282,2025 1282,2027 1164,2027 1164,2029 1122,2029 1122,2018 943,2018 943,2019 812,2019 812,2020 622,2020 622,2031 548,2031 548,2032 506,2032 506,2023 278,2023 278,2024 203,2024 203,1985 314,1985 314,1983 380,1983 380,1984 506,1984 506,1982 636,1982 636,1980 710,1980 710,1991 871,1991 871,1979 982,1979 982,1978 1199,1978 1199,1977 1379,1977"/>
	<Word id="w70">
	<Coords points="203,1985 278,1985 278,2024 203,2024"/>
	<TextEquiv conf="0.96572">
	<Unicode>Der</Unicode></TextEquiv></Word>
	<Word id="w72">
	<Coords points="314,1983 380,1983 380,1984 472,1984 472,2023 314,2023"/>
	<TextEquiv conf="0.96287">
	<Unicode>Winter</Unicode></TextEquiv></Word>
	<Word id="w76">
	<Coords points="506,1982 548,1982 548,2032 506,2032"/>
	<TextEquiv conf="0.95088">
	<Unicode>iſt</Unicode></TextEquiv></Word>
	<Word id="w78">
	<Coords points="636,1980 710,1980 710,1991 812,1991 812,2020 622,2020 622,2031 582,2031 582,1992 636,1992"/>
	<TextEquiv conf="0.95822">
	<Unicode>gekommen.</Unicode></TextEquiv></Word>
	<Word id="w84">
	<Coords points="871,1979 943,1979 943,2019 871,2019"/>
	<TextEquiv conf="0.96320">
	<Unicode>Die</Unicode></TextEquiv></Word>
	<Word id="w10">
	<Coords points="982,1978 1087,1978 1087,2018 982,2018"/>
	<TextEquiv conf="0.95345">
	<Unicode>Erde</Unicode></TextEquiv></Word>
	<Word id="w88">
	<Coords points="1122,1978 1164,1978 1164,2029 1122,2029"/>
	<TextEquiv conf="0.93198">
	<Unicode>iſt</Unicode></TextEquiv></Word>
	<Word id="w90">
	<Coords points="1199,1977 1282,1977 1282,2027 1199,2027"/>
	<TextEquiv conf="0.94896">
	<Unicode>hart</Unicode></TextEquiv></Word>
	<Word id="w92">
	<Coords points="1379,1974 1435,1974 1435,1983 1519,1983 1519,2012 1435,2012 1435,2024 1363,2024 1363,2025 1322,2025 1322,1985 1379,1985"/>
	<TextEquiv conf="0.95905">
	<Unicode>gefroren.</Unicode></TextEquiv></Word>
	<TextEquiv conf="0.95609">
	<Unicode>Der Winter iſt gekommen. Die Erde iſt hart gefroren.</Unicode></TextEquiv></TextLine>
	<TextLine id="l17">
	<Coords points="1373,2035 1523,2035 1523,2074 1447,2074 1447,2085 1373,2085 1373,2078 1225,2078 1225,2079 1138,2079 1138,2091 1087,2091 1087,2080 964,2080 964,2091 877,2091 877,2082 747,2082 747,2083 538,2083 538,2095 408,2095 408,2085 288,2085 288,2096 246,2096 246,2086 97,2086 97,2046 144,2046 144,2047 246,2047 246,2046 288,2046 288,2056 408,2056 408,2044 599,2044 599,2043 668,2043 668,2053 877,2053 877,2041 1087,2041 1087,2040 1260,2040 1260,2037 1373,2037"/>
	<Word id="w98">
	<Coords points="97,2046 144,2046 144,2047 209,2047 209,2086 97,2086"/>
	<TextEquiv conf="0.96601">
	<Unicode>Alles</Unicode></TextEquiv></Word>
	<Word id="w102">
	<Coords points="246,2046 288,2046 288,2096 246,2096"/>
	<TextEquiv conf="0.89813">
	<Unicode>iſt</Unicode></TextEquiv></Word>
	<Word id="w104">
	<Coords points="408,2044 538,2044 538,2095 408,2095 408,2085 330,2085 330,2056 408,2056"/>
	<TextEquiv conf="0.92732">
	<Unicode>verſchneit.</Unicode></TextEquiv></Word>
	<Word id="w108">
	<Coords points="599,2043 668,2043 668,2083 599,2083"/>
	<TextEquiv conf="0.95958">
	<Unicode>Die</Unicode></TextEquiv></Word>
	<Word id="w110">
	<Coords points="706,2053 844,2053 844,2082 747,2082 747,2083 706,2083"/>
	<TextEquiv conf="0.95958">
	<Unicode>armen</Unicode></TextEquiv></Word>
	<Word id="w114">
	<Coords points="877,2041 1053,2041 1053,2080 964,2080 964,2091 877,2091"/>
	<TextEquiv conf="0.91986">
	<Unicode>Vöglein</Unicode></TextEquiv></Word>
	<Word id="w118">
	<Coords points="1087,2040 1225,2040 1225,2079 1138,2079 1138,2091 1087,2091"/>
	<TextEquiv conf="0.96343">
	<Unicode>finden</Unicode></TextEquiv></Word>
	<Word id="w122">
	<Coords points="1260,2037 1333,2037 1333,2078 1260,2078"/>
	<TextEquiv conf="0.96563">
	<Unicode>kein</Unicode></TextEquiv></Word>
	<Word id="w31">
	<Coords points="1373,2035 1523,2035 1523,2074 1447,2074 1447,2085 1373,2085"/>
	<TextEquiv conf="0.96151">
	<Unicode>Futter.</Unicode></TextEquiv></Word>
	<TextEquiv conf="0.93076">
	<Unicode>Alles iſt verſchneit. Die armen Vöglein finden kein Futter.</Unicode></TextEquiv></TextLine>
	<TextLine id="l33">
	<Coords points="1441,2096 1523,2096 1523,2146 1409,2146 1409,2148 1283,2148 1283,2141 1155,2141 1155,2142 1062,2142 1062,2152 1015,2152 1015,2142 913,2142 913,2154 835,2154 835,2144 674,2144 674,2145 507,2145 507,2146 337,2146 337,2147 246,2147 246,2159 202,2159 202,2148 99,2148 99,2108 374,2108 374,2107 447,2107 447,2106 547,2106 547,2105 731,2105 731,2104 835,2104 835,2103 913,2103 913,2113 1015,2113 1015,2102 1093,2102 1093,2101 1155,2101 1155,2102 1283,2102 1283,2098 1441,2098"/>
	<Word id="w126">
	<Coords points="99,2108 168,2108 168,2148 99,2148"/>
	<TextEquiv conf="0.95150">
	<Unicode>Sie</Unicode></TextEquiv></Word>
	<Word id="w35">
	<Coords points="202,2108 337,2108 337,2147 246,2147 246,2159 202,2159"/>
	<TextEquiv conf="0.96770">
	<Unicode>zittern</Unicode></TextEquiv></Word>
	<Word id="w37">
	<Coords points="374,2107 412,2107 412,2146 374,2146"/>
	<TextEquiv conf="0.93908">
	<Unicode>in</Unicode></TextEquiv></Word>
	<Word id="w130">
	<Coords points="447,2106 507,2106 507,2146 447,2146"/>
	<TextEquiv conf="0.96000">
	<Unicode>der</Unicode></TextEquiv></Word>
	<Word id="w39">
	<Coords points="547,2105 674,2105 674,2145 547,2145"/>
	<TextEquiv conf="0.91657">
	<Unicode>Kälte.</Unicode></TextEquiv></Word>
	<Word id="w40">
	<Coords points="731,2104 796,2104 796,2144 731,2144"/>
	<TextEquiv conf="0.95932">
	<Unicode>Da</Unicode></TextEquiv></Word>
	<Word id="w41">
	<Coords points="835,2103 913,2103 913,2154 835,2154"/>
	<TextEquiv conf="0.96456">
	<Unicode>ſagt</Unicode></TextEquiv></Word>
	<Word id="w132">
	<Coords points="1015,2102 1062,2102 1062,2152 1015,2152 1015,2142 948,2142 948,2113 1015,2113"/>
	<TextEquiv conf="0.95408">
	<Unicode>unſer</Unicode></TextEquiv></Word>
	<Word id="w134">
	<Coords points="1093,2101 1155,2101 1155,2102 1237,2102 1237,2141 1155,2141 1155,2142 1093,2142"/>
	<TextEquiv conf="0.96409">
	<Unicode>Vater:</Unicode></TextEquiv></Word>
	<Word id="w136">
	<Coords points="1283,2098 1409,2098 1409,2148 1283,2148"/>
	<TextEquiv conf="0.95544">
	<Unicode>„Helft</Unicode></TextEquiv></Word>
	<Word id="w47">
	<Coords points="1441,2096 1523,2096 1523,2146 1441,2146"/>
	<TextEquiv conf="0.86149">
	<Unicode>doch</Unicode></TextEquiv></Word>
	<TextEquiv conf="0.94589">
	<Unicode>Sie zittern in der Kälte. Da ſagt unſer Vater: „Helft doch</Unicode></TextEquiv></TextLine>
	<TextLine id="l48">
	<Coords points="1421,2158 1525,2158 1525,2199 1420,2199 1420,2200 1307,2200 1307,2203 1205,2203 1205,2214 1111,2214 1111,2226 1018,2226 1018,2204 873,2204 873,2217 814,2217 814,2206 571,2206 571,2207 447,2207 447,2218 359,2218 359,2209 238,2209 238,2210 97,2210 97,2170 163,2170 163,2180 359,2180 359,2168 619,2168 619,2166 700,2166 700,2177 814,2177 814,2167 904,2167 904,2163 1004,2163 1004,2164 1129,2164 1129,2163 1233,2163 1233,2161 1340,2161 1340,2160 1421,2160"/>
	<Word id="w49">
	<Coords points="97,2170 163,2170 163,2210 97,2210"/>
	<TextEquiv conf="0.96983">
	<Unicode>den</Unicode></TextEquiv></Word>
	<Word id="w138">
	<Coords points="252,2180 331,2180 331,2209 238,2209 238,2210 197,2210 197,2181 252,2181"/>
	<TextEquiv conf="0.96455">
	<Unicode>armen</Unicode></TextEquiv></Word>
	<Word id="w140">
	<Coords points="359,2168 571,2168 571,2207 447,2207 447,2218 359,2218"/>
	<TextEquiv conf="0.91835">
	<Unicode>Vöglein!“</Unicode></TextEquiv></Word>
	<Word id="w142">
	<Coords points="619,2166 700,2166 700,2206 619,2206"/>
	<TextEquiv conf="0.95241">
	<Unicode>Wir</Unicode></TextEquiv></Word>
	<Word id="w55">
	<Coords points="814,2167 873,2167 873,2217 814,2217 814,2206 727,2206 727,2177 814,2177"/>
	<TextEquiv conf="0.96317">
	<Unicode>werfen</Unicode></TextEquiv></Word>
	<Word id="w57">
	<Coords points="904,2163 1004,2163 1004,2164 1129,2164 1129,2163 1205,2163 1205,2214 1111,2214 1111,2226 1018,2226 1018,2204 904,2204"/>
	<TextEquiv conf="0.93275">
	<Unicode>Brotkrümchen</Unicode></TextEquiv></Word>
	<Word id="w146">
	<Coords points="1233,2161 1307,2161 1307,2203 1233,2203"/>
	<TextEquiv conf="0.96839">
	<Unicode>und</Unicode></TextEquiv></Word>
	<Word id="w61">
	<Coords points="1421,2158 1525,2158 1525,2199 1420,2199 1420,2200 1340,2200 1340,2160 1421,2160"/>
	<TextEquiv conf="0.91082">
	<Unicode>Körnlein</Unicode></TextEquiv></Word>
	<TextEquiv conf="0.91864">
	<Unicode>den armen Vöglein!“ Wir werfen Brot krümchen und Körnlein</Unicode></TextEquiv></TextLine>
	<TextLine id="l63">
	<Coords points="1495,2222 1526,2222 1526,2262 1482,2262 1482,2263 1391,2263 1391,2274 1307,2274 1307,2275 1245,2275 1245,2266 1048,2266 1048,2277 975,2277 975,2276 841,2276 841,2279 757,2279 757,2268 550,2268 550,2279 365,2279 365,2280 306,2280 306,2272 163,2272 163,2283 98,2283 98,2233 198,2233 198,2232 306,2232 306,2231 367,2231 367,2230 463,2230 463,2229 550,2229 550,2238 652,2238 652,2239 757,2239 757,2228 882,2228 882,2227 975,2227 975,2226 1117,2226 1117,2225 1307,2225 1307,2234 1427,2234 1427,2223 1495,2223"/>
	<Word id="w150">
	<Coords points="98,2233 163,2233 163,2283 98,2283"/>
	<TextEquiv conf="0.96338">
	<Unicode>auf</Unicode></TextEquiv></Word>
	<Word id="w65">
	<Coords points="198,2232 265,2232 265,2272 198,2272"/>
	<TextEquiv conf="0.96338">
	<Unicode>den</Unicode></TextEquiv></Word>
	<Word id="w152">
	<Coords points="463,2229 550,2229 550,2279 365,2279 365,2280 306,2280 306,2231 367,2231 367,2230 463,2230"/>
	<TextEquiv conf="0.96673">
	<Unicode>Futterplatz</Unicode></TextEquiv></Word>
	<Word id="w69">
	<Coords points="586,2238 652,2238 652,2268 586,2268"/>
	<TextEquiv conf="0.94999">
	<Unicode>vor</Unicode></TextEquiv></Word>
	<Word id="w154">
	<Coords points="757,2228 841,2228 841,2279 757,2279 757,2268 692,2268 692,2239 757,2239"/>
	<TextEquiv conf="0.93242">
	<Unicode>unſerm</Unicode></TextEquiv></Word>
	<Word id="w156">
	<Coords points="975,2226 1048,2226 1048,2277 975,2277 975,2276 882,2276 882,2227 975,2227"/>
	<TextEquiv conf="0.96089">
	<Unicode>Fenſter.</Unicode></TextEquiv></Word>
	<Word id="w158">
	<Coords points="1117,2225 1205,2225 1205,2266 1117,2266"/>
	<TextEquiv conf="0.93492">
	<Unicode>Nun</Unicode></TextEquiv></Word>
	<Word id="w75">
	<Coords points="1245,2225 1307,2225 1307,2234 1391,2234 1391,2274 1307,2274 1307,2275 1245,2275"/>
	<TextEquiv conf="0.96020">
	<Unicode>fliegen</Unicode></TextEquiv></Word>
	<Word id="w77">
	<Coords points="1495,2222 1526,2222 1526,2262 1482,2262 1482,2263 1427,2263 1427,2223 1495,2223"/>
	<TextEquiv conf="0.94458">
	<Unicode>viele</Unicode></TextEquiv></Word>
	<TextEquiv conf="0.91299">
	<Unicode>auf den Futterplatz vor unſerm Fenſter. Nun fliegen viele</Unicode></TextEquiv></TextLine>
	<TextLine id="l79">
	<Coords points="1461,2283 1526,2283 1526,2333 1447,2333 1447,2335 1418,2335 1418,2325 1275,2325 1275,2337 1212,2337 1212,2336 1119,2336 1119,2327 986,2327 986,2328 920,2328 920,2338 856,2338 856,2330 702,2330 702,2339 623,2339 623,2340 580,2340 580,2330 406,2330 406,2332 323,2332 323,2343 228,2343 228,2344 174,2344 174,2334 97,2334 97,2294 261,2294 261,2293 337,2293 337,2292 467,2292 467,2290 636,2290 636,2289 856,2289 856,2288 1015,2288 1015,2287 1307,2287 1307,2285 1418,2285 1418,2284 1461,2284"/>
	<Word id="w164">
	<Coords points="97,2294 228,2294 228,2344 174,2344 174,2334 97,2334"/>
	<TextEquiv conf="0.90138">
	<Unicode>Vögel</Unicode></TextEquiv></Word>
	<Word id="w166">
	<Coords points="337,2292 406,2292 406,2332 323,2332 323,2343 261,2343 261,2293 337,2293"/>
	<TextEquiv conf="0.94566">
	<Unicode>herbei.</Unicode></TextEquiv></Word>
	<Word id="w168">
	<Coords points="467,2290 551,2290 551,2330 467,2330"/>
	<TextEquiv conf="0.95864">
	<Unicode>Wir</Unicode></TextEquiv></Word>
	<Word id="w85">
	<Coords points="636,2289 702,2289 702,2339 623,2339 623,2340 580,2340 580,2290 636,2290"/>
	<TextEquiv conf="0.87980">
	<Unicode>ſtehen</Unicode></TextEquiv></Word>
	<Word id="w87">
	<Coords points="729,2289 829,2289 829,2330 729,2330"/>
	<TextEquiv conf="0.96119">
	<Unicode>dann</Unicode></TextEquiv></Word>
	<Word id="w172">
	<Coords points="856,2288 986,2288 986,2328 920,2328 920,2338 856,2338"/>
	<TextEquiv conf="0.96119">
	<Unicode>hinter</Unicode></TextEquiv></Word>
	<Word id="w174">
	<Coords points="1015,2287 1089,2287 1089,2327 1015,2327"/>
	<TextEquiv conf="0.95558">
	<Unicode>dem</Unicode></TextEquiv></Word>
	<Word id="w91">
	<Coords points="1119,2287 1275,2287 1275,2337 1212,2337 1212,2336 1119,2336"/>
	<TextEquiv conf="0.96169">
	<Unicode>Fenſter</Unicode></TextEquiv></Word>
	<Word id="w93">
	<Coords points="1307,2285 1382,2285 1382,2325 1307,2325"/>
	<TextEquiv conf="0.96104">
	<Unicode>und</Unicode></TextEquiv></Word>
	<Word id="w178">
	<Coords points="1461,2283 1526,2283 1526,2333 1447,2333 1447,2335 1418,2335 1418,2284 1461,2284"/>
	<TextEquiv conf="0.95690">
	<Unicode>ſehen</Unicode></TextEquiv></Word>
	<TextEquiv conf="0.94996">
	<Unicode>Vögel herbei. Wir ſtehen dann hinter dem Fenſter und ſehen</Unicode></TextEquiv></TextLine>
	<TextLine id="l96">
	<Coords points="729,2350 886,2350 886,2402 729,2402 729,2392 617,2392 617,2401 533,2401 533,2392 407,2392 407,2393 338,2393 338,2405 271,2405 271,2395 146,2395 146,2407 98,2407 98,2366 175,2366 175,2356 271,2356 271,2354 437,2354 437,2352 533,2352 533,2351 617,2351 617,2352 729,2352"/>
	<Word id="w97">
	<Coords points="98,2366 146,2366 146,2407 98,2407"/>
	<TextEquiv conf="0.96708">
	<Unicode>zu,</Unicode></TextEquiv></Word>
	<Word id="w180">
	<Coords points="175,2356 242,2356 242,2395 175,2395"/>
	<TextEquiv conf="0.96191">
	<Unicode>wie</Unicode></TextEquiv></Word>
	<Word id="w99">
	<Coords points="271,2354 338,2354 338,2405 271,2405"/>
	<TextEquiv conf="0.96641">
	<Unicode>gut</Unicode></TextEquiv></Word>
	<Word id="w182">
	<Coords points="368,2364 407,2364 407,2393 368,2393"/>
	<TextEquiv conf="0.96295">
	<Unicode>es</Unicode></TextEquiv></Word>
	<Word id="w101">
	<Coords points="437,2352 505,2352 505,2392 437,2392"/>
	<TextEquiv conf="0.93261">
	<Unicode>den</Unicode></TextEquiv></Word>
	<Word id="w184">
	<Coords points="533,2351 617,2351 617,2352 700,2352 700,2392 617,2392 617,2401 533,2401"/>
	<TextEquiv conf="0.92298">
	<Unicode>Vöglein</Unicode></TextEquiv></Word>
	<Word id="w186">
	<Coords points="729,2350 886,2350 886,2402 729,2402"/>
	<TextEquiv conf="0.51066">
	<Unicode>ſchmeckt.</Unicode></TextEquiv></Word>
	<TextEquiv conf="0.89440">
	<Unicode>zu, wie gut es den Vöglein ſchmeckt.</Unicode></TextEquiv></TextLine>
	<TextEquiv>
	<Unicode>Der Winter iſt gekommen. Die Erde iſt hart gefroren.
Alles iſt verſchneit. Die armen Vöglein finden kein Futter.
Sie zittern in der Kälte. Da ſagt unſer Vater: „Helft doch
den armen Vöglein!“ Wir werfen Brot krümchen und Körnlein
auf den Futterplatz vor unſerm Fenſter. Nun fliegen viele
Vögel herbei. Wir ſtehen dann hinter dem Fenſter und ſehen
zu, wie gut es den Vöglein ſchmeckt.</Unicode></TextEquiv></TextRegion></Page></PcGts>
