1744 2664
676 174 733 186 —
780 152 837 196 67
884 174 945 186 —

591 259 1035 320 Weihnachtsmarkt.

208 365 240 402 1.
271 362 357 403 Wir
387 363 520 403 wollen
550 362 612 413 auf
645 362 711 402 den
742 361 975 414 Chriſtmarkt
1009 362 1124 413 gehen.
1181 362 1246 401 Da
1280 361 1352 413 iſt's
1390 362 1457 402 wie
1488 361 1534 401 im

100 430 359 470 Tannenwald.
421 430 497 470 Der
540 440 644 481 ganze
674 429 774 479 Platz
808 429 851 481 iſt
887 432 982 480 grün
1016 440 1088 469 von
1126 428 1261 479 großen
1298 428 1372 468 und
1409 428 1534 469 kleinen

101 496 420 537 Tannenbäumen.
462 496 551 536 Von
579 496 711 536 weitem
742 496 841 547 ſchon
872 496 970 547 ſpürt
998 506 1081 536 man
1110 495 1175 535 den
1195 494 1428 546 Harzgeruch.
1470 495 1532 535 Da

103 564 156 603 die
185 563 308 604 beiden
340 563 477 614 großen
499 562 643 603 Bäume
671 562 826 603 kommen
856 562 971 613 gewiß
1001 563 1038 603 in
1066 562 1137 602 eine
1156 561 1288 612 Kirche.
1338 561 1423 601 Wie
1451 561 1534 601 win⸗

103 630 155 680 zig
185 629 268 680 ſieht
298 630 409 681 dieſes
439 629 542 670 kleine
572 629 775 679 Bäumchen
804 629 966 680 dagegen
996 640 1074 669 aus.

216 696 269 736 Es
304 697 346 748 iſt
381 696 462 737 kalt.
524 696 592 736 Die
619 696 811 747 Verkäufer
846 696 965 746 haben
1003 695 1084 736 dicke
1112 694 1264 735 Mäntel
1298 694 1373 734 und
1408 704 1537 734 warme

108 763 343 814 Handſchuhe
373 774 429 803 an.
485 763 585 803 Viele
615 762 733 810 Leute,
763 773 859 802 arme
888 762 962 802 und
993 762 1103 812 reiche,
1135 761 1290 801 kommen
1318 760 1393 800 und
1425 760 1539 811 ſuchen

111 841 179 870 aus
208 830 281 870 und
312 831 439 881 fragen
467 830 542 870 und
572 829 703 880 kaufen.

213 904 248 940 2.
282 900 363 951 Auf
391 901 470 940 dem
493 899 837 950 Weihnachtsmarkt
868 899 944 950 gibt
974 910 1011 939 es
1040 898 1120 949 noch
1150 899 1218 938 viel
1238 897 1336 947 mehr
1364 907 1406 948 zu
1436 896 1539 948 ſehen.

113 967 196 1007 Wie
225 978 261 1007 es
292 967 375 1007 dort
406 967 541 1018 glänzt!
600 966 822 1016 Glaskugeln
851 966 925 1006 und
958 965 1193 1016 Silberſterne
1221 964 1295 1005 und
1327 964 1457 1004 Ketten
1483 964 1540 1014 für

111 1034 177 1073 den
208 1033 458 1084 Chriſtbaum!
520 1032 601 1073 Und
632 1032 712 1072 dort
746 1033 863 1072 lauter
896 1031 1092 1082 Lebkuchen
1127 1031 1200 1071 und
1232 1030 1435 1081 Marzipan
1468 1029 1540 1069 und

114 1100 374 1151 Pfeffernüſſe!
421 1099 507 1139 Und
537 1099 584 1139 da
612 1099 665 1139 die
695 1099 837 1150 ſchönen
868 1097 1111 1149 Spielſachen:
1142 1098 1214 1137 eine
1235 1095 1441 1147 Eiſenbahn
1470 1096 1541 1136 und

114 1168 167 1206 ein
196 1167 407 1217 Kaufladen
436 1166 511 1206 und
540 1166 594 1206 die
614 1165 872 1216 Puppenſtube
901 1165 967 1204 mit
996 1164 1061 1204 den
1088 1163 1258 1214 zierlichen
1278 1162 1441 1202 Möbeln
1469 1162 1540 1202 und

115 1233 170 1272 die
200 1232 460 1283 Puppenküche
496 1233 560 1272 mit
594 1232 668 1272 dem
702 1231 930 1282 blitzblanken
960 1230 1129 1281 Geſchirr!
1187 1228 1282 1279 Auch
1320 1229 1451 1269 allerlei
1485 1229 1542 1279 für

117 1299 171 1339 die
196 1299 375 1350 Kleinſten
404 1299 445 1349 iſt
476 1299 540 1339 da:
572 1298 764 1350 Pferdchen
793 1298 867 1337 und
896 1296 1022 1337 Bären
1050 1296 1121 1336 und
1147 1295 1445 1345 Gummipuppen
1472 1294 1542 1335 und

117 1365 427 1415 Hampelmänner.
466 1364 555 1405 Nun
579 1364 703 1404 kommt
727 1364 811 1414 nach
838 1363 968 1414 Hauſe.
1002 1362 1084 1403 Wir
1107 1362 1272 1413 ſchreiben
1292 1361 1359 1401 den
1381 1360 1544 1411 Wunſch⸗

118 1432 213 1482 zettel
242 1433 323 1482 fürs
356 1431 643 1482 Chriſtkindchen,
674 1431 746 1470 und
777 1431 876 1470 dann
907 1430 1031 1480 ſpielen
1059 1429 1124 1468 wir
1154 1426 1506 1477 Weihnachtsmarkt.

628 1591 720 1638 Der
761 1589 1061 1650 Chriſtbaum.

389 1700 420 1735 1.
452 1696 527 1736 Der
559 1695 784 1746 Chriſtbaum
813 1695 855 1746 iſt
884 1695 944 1735 der
975 1694 1117 1745 ſchönſte
1147 1694 1282 1741 Baum,

453 1763 520 1802 den
548 1762 611 1802 wir
641 1763 702 1812 auf
733 1762 852 1802 Erden
880 1761 1016 1801 kennen.

454 1827 524 1868 Im
555 1828 691 1868 Garten
718 1828 811 1876 klein,
842 1828 889 1867 im
921 1826 1059 1877 engſten
1087 1826 1218 1873 Raum,

450 1895 519 1934 wie
547 1894 676 1944 lieblich
706 1893 809 1943 blüht
839 1894 899 1933 der
930 1892 1214 1939 Wunderbaum,

451 1972 555 2000 wenn
585 1960 668 2011 ſeine
698 1959 830 2010 Lichter
860 1960 1027 1999 brennen!

393 2069 426 2105 2.
457 2066 564 2105 Denn
593 2065 667 2116 ſieh,
697 2066 733 2105 in
762 2064 868 2115 dieſer
898 2063 1163 2113 Wundernacht

453 2132 495 2182 iſt
524 2131 619 2182 unſer
648 2132 737 2181 Herr
767 2131 929 2181 geboren,

455 2198 516 2238 der
544 2198 705 2247 Heiland,
735 2198 794 2238 der
823 2208 896 2237 uns
927 2196 1007 2247 ſelig
1036 2196 1153 2246 macht.

453 2263 554 2313 Hätt'
582 2275 614 2304 er
643 2265 708 2304 den
736 2263 891 2313 Himmel
920 2262 1009 2312 nicht
1038 2262 1203 2312 gebracht,

455 2329 542 2369 wär'
572 2330 637 2369 alle
667 2330 764 2370 Welt
792 2329 964 2369 verloren.
