<?xml version="1.0" encoding="UTF-8"?>
<PcGts xmlns="http://schema.primaresearch.org/PAGE/gts/pagecontent/2019-07-15" xmlns:xsi="http://www.w3.org/2001/XMLSchema-instance" xsi:schemaLocation="http://schema.primaresearch.org/PAGE/gts/pagecontent/2019-07-15 http://schema.primaresearch.org/PAGE/gts/pagecontent/2019-07-15/pagecontent.xsd">
	<Metadata>
	<Creator></Creator>
	<Created>2021-03-27T14:02:02</Created>
	<LastChange>2021-03-27T14:33:12</LastChange></Metadata>
	<Page imageFilename="00000070.jpg" imageXResolution="300.00000" imageYResolution="300.00000" imageWidth="1677" imageHeight="2654" type="content" primaryLanguage="German" primaryScript="Latf - Latin (Fraktur variant)">
	<ReadingOrder>
	<OrderedGroup id="ro357564684568544579089">
	<RegionRefIndexed regionRef="r0" index="0"/>
	<RegionRefIndexed regionRef="r1" index="1"/>
	<RegionRefIndexed regionRef="r2" index="2"/>
	<RegionRefIndexed regionRef="r4" index="3"/></OrderedGroup></ReadingOrder>
	<TextRegion id="r0" type="page-number">
	<Coords points="883,168 883,169 905,169 905,170 907,170 907,171 909,171 909,172 910,172 910,173 911,173 911,190 912,190 912,191 1014,191 1014,192 1015,192 1015,202 1011,202 1011,203 912,203 912,206 911,206 911,207 910,207 910,209 909,209 909,210 908,210 908,211 906,211 906,212 863,212 863,211 860,211 860,210 859,210 859,209 858,209 858,208 857,208 857,201 754,201 754,200 753,200 753,190 858,190 858,186 859,186 859,172 860,172 860,169 861,169 861,168"/>
	<TextLine id="l0">
	<Coords points="750,162 750,222 1030,222 1030,162"/>
	<Word id="w9">
	<Coords points="811,190 811,201 754,201 754,200 753,200 753,190"/>
	<TextEquiv>
	<Unicode>—</Unicode></TextEquiv></Word>
	<Word id="w24">
	<Coords points="883,168 883,169 905,169 905,170 907,170 907,171 909,171 909,172 910,172 910,173 911,173 911,190 912,190 912,206 911,206 911,207 910,207 910,209 909,209 909,210 908,210 908,211 906,211 906,212 863,212 863,211 860,211 860,210 859,210 859,209 858,209 858,208 857,208 857,193 858,193 858,186 859,186 859,172 860,172 860,169 861,169 861,168"/>
	<TextEquiv>
	<Unicode>58</Unicode></TextEquiv></Word>
	<Word id="w33">
	<Coords points="1014,191 1014,192 1015,192 1015,202 1011,202 1011,203 993,203 993,202 957,202 957,191"/>
	<TextEquiv>
	<Unicode>—</Unicode></TextEquiv></Word>
	<TextEquiv>
	<Unicode>— 58 —</Unicode></TextEquiv></TextLine>
	<TextEquiv>
	<Unicode>— 58 —</Unicode></TextEquiv></TextRegion>
	<TextRegion id="r1" type="marginalia">
	<Coords points="201,191 201,192 242,192 242,193 244,193 244,194 246,194 246,195 247,195 247,196 248,196 248,198 249,198 249,199 250,199 250,202 251,202 251,221 252,221 252,231 264,231 264,232 266,232 266,233 267,233 267,236 268,236 268,247 267,247 267,249 266,249 266,250 264,250 264,251 227,251 227,250 178,250 178,249 176,249 176,248 175,248 175,237 176,237 176,200 177,200 177,198 178,198 178,197 179,197 179,196 180,196 180,195 181,195 181,194 183,194 183,193 185,193 185,192 190,192 190,191"/>
	<TextLine id="l6">
	<Coords points="180,196 264,196 264,247 180,247"/>
	<Word id="w15">
	<Coords points="248,196 248,198 249,198 249,199 250,199 250,202 251,202 251,221 252,221 252,231 264,231 264,247 180,247 180,196"/>
	<TextEquiv conf="0.76535">
	<Unicode>28.</Unicode></TextEquiv></Word>
	<TextEquiv conf="0.76535">
	<Unicode>28.</Unicode></TextEquiv></TextLine>
	<TextEquiv>
	<Unicode>28.</Unicode></TextEquiv></TextRegion>
	<TextRegion id="r2" type="paragraph">
	<Coords points="886,269 886,270 916,270 916,271 938,271 938,272 939,272 939,283 1051,283 1051,282 1052,282 1052,280 1053,280 1053,279 1054,279 1054,278 1056,278 1056,277 1057,277 1057,276 1058,276 1058,275 1059,275 1059,274 1060,274 1060,273 1062,273 1062,272 1063,272 1063,271 1174,271 1174,270 1185,270 1185,271 1188,271 1188,273 1189,273 1189,278 1274,278 1274,328 1332,328 1332,329 1333,329 1333,330 1354,330 1354,331 1355,331 1355,354 1366,354 1366,355 1367,355 1367,417 1442,417 1442,416 1455,416 1455,417 1581,417 1581,418 1582,418 1582,420 1583,420 1583,451 1582,451 1582,452 1580,452 1580,453 1579,453 1579,454 1578,454 1578,455 1577,455 1577,456 1575,456 1575,457 1574,457 1574,458 1572,458 1572,459 1570,459 1570,460 1569,460 1569,462 1568,462 1568,463 1567,463 1567,464 1566,464 1566,624 1581,624 1581,634 1580,634 1580,635 1578,635 1578,636 1576,636 1576,637 1574,637 1574,638 1573,638 1573,639 1572,639 1572,767 1574,767 1574,770 1590,770 1590,780 1586,780 1586,783 1585,783 1585,784 1581,784 1581,787 1580,787 1580,805 1579,805 1579,807 1578,807 1578,809 1577,809 1577,811 1576,811 1576,812 1575,812 1575,814 1574,814 1574,815 1502,815 1502,936 1516,936 1516,949 1514,949 1514,950 1465,950 1465,951 1464,951 1464,952 1463,952 1463,953 1462,953 1462,954 1408,954 1408,955 1407,955 1407,958 1406,958 1406,960 1405,960 1405,962 1404,962 1404,963 1403,963 1403,965 1402,965 1402,967 1401,967 1401,969 1400,969 1400,970 1399,970 1399,971 1398,971 1398,973 1397,973 1397,975 1396,975 1396,977 1395,977 1395,978 1394,978 1394,980 1393,980 1393,981 1392,981 1392,983 1391,983 1391,985 1390,985 1390,987 1389,987 1389,989 1388,989 1388,991 1387,991 1387,992 1386,992 1386,995 1385,995 1385,996 1384,996 1384,997 1383,997 1383,999 1382,999 1382,1001 1381,1001 1381,1004 1380,1004 1380,1006 1379,1006 1379,1008 1377,1008 1377,1009 1362,1009 1362,955 1140,955 1140,957 1139,957 1139,959 1138,959 1138,961 1137,961 1137,962 1136,962 1136,964 1135,964 1135,965 1134,965 1134,966 1133,966 1133,967 1123,967 1123,966 1122,966 1122,957 1003,957 1003,958 988,958 988,957 954,957 954,956 813,956 813,958 812,958 812,959 811,959 811,960 810,960 810,962 809,962 809,963 808,963 808,964 807,964 807,965 806,965 806,966 805,966 805,967 795,967 795,957 555,957 555,958 554,958 554,960 553,960 553,962 552,962 552,963 551,963 551,964 550,964 550,966 549,966 549,967 548,967 548,968 547,968 547,969 509,969 509,971 508,971 508,972 507,972 507,974 506,974 506,975 505,975 505,977 504,977 504,979 503,979 503,980 502,980 502,983 501,983 501,985 500,985 500,987 499,987 499,989 498,989 498,990 497,990 497,992 496,992 496,993 495,993 495,995 494,995 494,996 493,996 493,997 492,997 492,999 491,999 491,1000 490,1000 490,1002 489,1002 489,1003 488,1003 488,1004 487,1004 487,1005 486,1005 486,1006 485,1006 485,1007 484,1007 484,1008 482,1008 482,1009 481,1009 481,1010 479,1010 479,1011 476,1011 476,1012 464,1012 464,1011 463,1011 463,1008 462,1008 462,956 252,956 252,955 210,955 210,954 209,954 209,952 208,952 208,865 179,865 179,864 177,864 177,862 176,862 176,852 177,852 177,851 178,851 178,850 179,850 179,847 180,847 180,846 181,846 181,844 182,844 182,842 183,842 183,794 185,794 185,793 186,793 186,792 187,792 187,791 189,791 189,707 190,707 190,705 191,705 191,704 192,704 192,702 193,702 193,701 194,701 194,699 195,699 195,575 192,575 192,574 191,574 191,572 190,572 190,570 189,570 189,494 190,494 190,491 191,491 191,489 192,489 192,487 193,487 193,485 194,485 194,484 195,484 195,483 196,483 196,481 197,481 197,480 198,480 198,478 199,478 199,477 200,477 200,446 201,446 201,445 202,445 202,444 203,444 203,443 204,443 204,442 205,442 205,441 206,441 206,440 207,440 207,439 208,439 208,438 209,438 209,436 211,436 211,434 212,434 212,433 214,433 214,432 215,432 215,431 216,431 216,430 218,430 218,429 219,429 219,428 220,428 220,427 221,427 221,426 223,426 223,425 224,425 224,424 225,424 225,423 227,423 227,422 229,422 229,421 231,421 231,420 235,420 235,419 269,419 269,418 272,418 272,417 383,417 383,345 384,345 384,342 385,342 385,339 386,339 386,337 387,337 387,335 388,335 388,332 389,332 389,330 390,330 390,328 391,328 391,326 392,326 392,324 393,324 393,323 394,323 394,321 395,321 395,319 396,319 396,318 397,318 397,316 398,316 398,314 399,314 399,313 400,313 400,312 401,312 401,310 402,310 402,309 403,309 403,307 404,307 404,306 405,306 405,304 406,304 406,303 408,303 408,301 409,301 409,299 410,299 410,298 411,298 411,297 412,297 412,296 413,296 413,295 414,295 414,293 415,293 415,292 416,292 416,291 417,291 417,290 418,290 418,288 419,288 419,287 421,287 421,286 422,286 422,285 423,285 423,284 424,284 424,283 426,283 426,281 428,281 428,280 430,280 430,279 431,279 431,278 433,278 433,277 435,277 435,276 437,276 437,275 439,275 439,274 445,274 445,273 565,273 565,272 567,272 567,271 666,271 666,270 681,270 681,271 683,271 683,272 711,272 711,328 834,328 834,301 835,301 835,299 836,299 836,298 837,298 837,297 838,297 838,295 839,295 839,294 840,294 840,293 841,293 841,292 842,292 842,290 843,290 843,289 844,289 844,288 845,288 845,287 846,287 846,286 847,286 847,285 848,285 848,284 849,284 849,283 850,283 850,282 851,282 851,281 853,281 853,280 854,280 854,279 855,279 855,278 856,278 856,277 858,277 858,276 859,276 859,275 861,275 861,274 862,274 862,273 864,273 864,272 866,272 866,271 868,271 868,270 871,270 871,269"/>
	<TextLine id="l2">
	<Coords points="886,269 886,270 916,270 916,271 938,271 938,272 939,272 939,283 1051,283 1051,282 1052,282 1052,280 1053,280 1053,279 1054,279 1054,278 1056,278 1056,277 1057,277 1057,276 1058,276 1058,275 1059,275 1059,274 1060,274 1060,273 1062,273 1062,272 1063,272 1063,271 1174,271 1174,270 1185,270 1185,271 1188,271 1188,273 1189,273 1189,278 1274,278 1274,328 1332,328 1332,329 1333,329 1333,330 1354,330 1354,331 1355,331 1355,354 1366,354 1366,355 1367,355 1367,368 1366,368 1366,370 1365,370 1365,371 1264,371 1264,372 1263,372 1263,374 1262,374 1262,377 1261,377 1261,380 1260,380 1260,382 1259,382 1259,385 1258,385 1258,387 1257,387 1257,389 1256,389 1256,390 1255,390 1255,393 1254,393 1254,395 1253,395 1253,397 1252,397 1252,399 1251,399 1251,400 1250,400 1250,402 1249,402 1249,403 1248,403 1248,405 1247,405 1247,407 1246,407 1246,409 1245,409 1245,410 1244,410 1244,411 1243,411 1243,413 1242,413 1242,415 1241,415 1241,416 1240,416 1240,417 1239,417 1239,418 1238,418 1238,419 1237,419 1237,421 1236,421 1236,422 1235,422 1235,423 1234,423 1234,424 1232,424 1232,425 1230,425 1230,426 1226,426 1226,427 1215,427 1215,426 1214,426 1214,425 1213,425 1213,423 1212,423 1212,371 1086,371 1086,372 1084,372 1084,373 1082,373 1082,374 1080,374 1080,375 1078,375 1078,376 1076,376 1076,377 1075,377 1075,379 1074,379 1074,381 1073,381 1073,383 1072,383 1072,385 1071,385 1071,388 1070,388 1070,390 1069,390 1069,391 1068,391 1068,393 1067,393 1067,396 1066,396 1066,398 1065,398 1065,399 1064,399 1064,401 1063,401 1063,403 1062,403 1062,404 1061,404 1061,406 1060,406 1060,408 1059,408 1059,410 1058,410 1058,411 1057,411 1057,413 1056,413 1056,414 1055,414 1055,415 1054,415 1054,416 1053,416 1053,418 1052,418 1052,419 1051,419 1051,420 1050,420 1050,421 1049,421 1049,422 1048,422 1048,423 1047,423 1047,424 1045,424 1045,425 1043,425 1043,426 1041,426 1041,427 1038,427 1038,428 1028,428 1028,427 1026,427 1026,426 1025,426 1025,425 1024,425 1024,424 1023,424 1023,371 1012,371 1012,370 889,370 889,371 885,371 885,372 883,372 883,373 882,373 882,375 881,375 881,377 880,377 880,379 879,379 879,382 878,382 878,385 877,385 877,386 876,386 876,389 875,389 875,391 874,391 874,393 873,393 873,395 872,395 872,397 871,397 871,399 870,399 870,401 869,401 869,403 868,403 868,404 867,404 867,406 866,406 866,408 865,408 865,410 864,410 864,411 863,411 863,413 862,413 862,414 861,414 861,416 860,416 860,417 859,417 859,419 858,419 858,420 857,420 857,421 856,421 856,422 854,422 854,423 853,423 853,424 852,424 852,425 849,425 849,426 846,426 846,427 832,427 832,426 831,426 831,424 830,424 830,371 827,371 827,370 620,370 620,371 524,371 524,373 523,373 523,375 522,375 522,377 521,377 521,378 520,378 520,380 519,380 519,382 518,382 518,384 517,384 517,386 516,386 516,388 515,388 515,390 514,390 514,391 513,391 513,393 512,393 512,395 511,395 511,397 510,397 510,399 509,399 509,400 508,400 508,402 507,402 507,404 506,404 506,406 505,406 505,407 504,407 504,410 503,410 503,411 502,411 502,413 501,413 501,415 500,415 500,417 499,417 499,418 498,418 498,421 497,421 497,423 496,423 496,426 495,426 495,427 494,427 494,428 479,428 479,427 478,427 478,373 388,373 388,372 386,372 386,371 385,371 385,369 384,369 384,367 383,367 383,345 384,345 384,342 385,342 385,339 386,339 386,337 387,337 387,335 388,335 388,332 389,332 389,330 390,330 390,328 391,328 391,326 392,326 392,324 393,324 393,323 394,323 394,321 395,321 395,319 396,319 396,318 397,318 397,316 398,316 398,314 399,314 399,313 400,313 400,312 401,312 401,310 402,310 402,309 403,309 403,307 404,307 404,306 405,306 405,304 406,304 406,303 408,303 408,301 409,301 409,299 410,299 410,298 411,298 411,297 412,297 412,296 413,296 413,295 414,295 414,293 415,293 415,292 416,292 416,291 417,291 417,290 418,290 418,288 419,288 419,287 421,287 421,286 422,286 422,285 423,285 423,284 424,284 424,283 426,283 426,281 428,281 428,280 430,280 430,279 431,279 431,278 433,278 433,277 435,277 435,276 437,276 437,275 439,275 439,274 445,274 445,273 565,273 565,272 567,272 567,271 666,271 666,270 681,270 681,271 683,271 683,272 711,272 711,328 834,328 834,301 835,301 835,299 836,299 836,298 837,298 837,297 838,297 838,295 839,295 839,294 840,294 840,293 841,293 841,292 842,292 842,290 843,290 843,289 844,289 844,288 845,288 845,287 846,287 846,286 847,286 847,285 848,285 848,284 849,284 849,283 850,283 850,282 851,282 851,281 853,281 853,280 854,280 854,279 855,279 855,278 856,278 856,277 858,277 858,276 859,276 859,275 861,275 861,274 862,274 862,273 864,273 864,272 866,272 866,271 868,271 868,270 871,270 871,269"/>
	<Word id="w42">
	<Coords points="581,271 581,272 583,272 583,273 584,273 584,288 583,288 583,291 582,291 582,293 581,293 581,295 580,295 580,297 579,297 579,298 578,298 578,300 577,300 577,301 576,301 576,303 575,303 575,304 574,304 574,306 573,306 573,307 572,307 572,309 571,309 571,311 570,311 570,312 569,312 569,313 568,313 568,314 567,314 567,316 566,316 566,317 565,317 565,318 564,318 564,319 563,319 563,321 562,321 562,322 561,322 561,323 560,323 560,324 559,324 559,325 558,325 558,345 557,345 557,347 556,347 556,348 555,348 555,349 554,349 554,350 553,350 553,351 552,351 552,352 551,352 551,353 550,353 550,354 549,354 549,355 548,355 548,356 547,356 547,357 546,357 546,358 545,358 545,359 543,359 543,360 542,360 542,361 541,361 541,362 539,362 539,363 537,363 537,364 534,364 534,365 529,365 529,366 527,366 527,368 526,368 526,369 525,369 525,371 524,371 524,373 523,373 523,375 522,375 522,377 521,377 521,378 520,378 520,380 519,380 519,382 518,382 518,384 517,384 517,386 516,386 516,388 515,388 515,390 514,390 514,391 513,391 513,393 512,393 512,395 511,395 511,397 510,397 510,399 509,399 509,400 508,400 508,402 507,402 507,404 506,404 506,406 505,406 505,407 504,407 504,410 503,410 503,411 502,411 502,413 501,413 501,415 500,415 500,417 499,417 499,418 498,418 498,421 497,421 497,423 496,423 496,426 495,426 495,427 494,427 494,428 479,428 479,427 478,427 478,373 388,373 388,372 386,372 386,371 385,371 385,369 384,369 384,367 383,367 383,345 384,345 384,342 385,342 385,339 386,339 386,337 387,337 387,335 388,335 388,332 389,332 389,330 390,330 390,328 391,328 391,326 392,326 392,324 393,324 393,323 394,323 394,321 395,321 395,319 396,319 396,318 397,318 397,316 398,316 398,314 399,314 399,313 400,313 400,312 401,312 401,310 402,310 402,309 403,309 403,307 404,307 404,306 405,306 405,304 406,304 406,303 408,303 408,301 409,301 409,299 410,299 410,298 411,298 411,297 412,297 412,296 413,296 413,295 414,295 414,293 415,293 415,292 416,292 416,291 417,291 417,290 418,290 418,288 419,288 419,287 421,287 421,286 422,286 422,285 423,285 423,284 424,284 424,283 426,283 426,281 428,281 428,280 430,280 430,279 431,279 431,278 433,278 433,277 435,277 435,276 437,276 437,275 439,275 439,274 445,274 445,273 565,273 565,272 567,272 567,271"/>
	<TextEquiv>
	<Unicode>Auf</Unicode></TextEquiv></Word>
	<Word id="w52">
	<Coords points="681,270 681,271 683,271 683,272 711,272 711,328 772,328 772,330 795,330 795,331 796,331 796,341 795,341 795,342 793,342 793,343 792,343 792,344 790,344 790,345 788,345 788,346 786,346 786,347 785,347 785,348 784,348 784,349 782,349 782,350 781,350 781,351 780,351 780,352 778,352 778,353 777,353 777,354 775,354 775,355 773,355 773,356 772,356 772,357 770,357 770,358 769,358 769,359 767,359 767,360 765,360 765,361 764,361 764,362 763,362 763,363 761,363 761,364 760,364 760,365 758,365 758,366 757,366 757,367 756,367 756,368 754,368 754,369 730,369 730,370 620,370 620,371 578,371 578,359 579,359 579,358 581,358 581,357 582,357 582,356 584,356 584,355 586,355 586,354 588,354 588,353 589,353 589,352 591,352 591,351 592,351 592,350 594,350 594,349 595,349 595,348 597,348 597,347 599,347 599,346 600,346 600,345 602,345 602,344 603,344 603,343 605,343 605,342 607,342 607,341 609,341 609,340 610,340 610,339 612,339 612,338 613,338 613,337 615,337 615,336 616,336 616,335 618,335 618,334 619,334 619,333 621,333 621,332 623,332 623,331 638,331 638,330 639,330 639,329 640,329 640,328 641,328 641,327 642,327 642,325 643,325 643,324 644,324 644,323 645,323 645,322 646,322 646,321 647,321 647,320 648,320 648,292 649,292 649,288 650,288 650,285 651,285 651,283 652,283 652,281 653,281 653,280 654,280 654,278 655,278 655,277 656,277 656,276 658,276 658,275 659,275 659,274 660,274 660,273 662,273 662,272 664,272 664,271 666,271 666,270"/>
	<TextEquiv>
	<Unicode>dem</Unicode></TextEquiv></Word>
	<Word id="w61">
	<Coords points="886,269 886,270 916,270 916,271 938,271 938,272 939,272 939,283 1051,283 1051,282 1052,282 1052,280 1053,280 1053,279 1054,279 1054,278 1056,278 1056,277 1057,277 1057,276 1058,276 1058,275 1059,275 1059,274 1060,274 1060,273 1062,273 1062,272 1063,272 1063,271 1174,271 1174,270 1185,270 1185,271 1188,271 1188,273 1189,273 1189,278 1274,278 1274,328 1332,328 1332,329 1333,329 1333,330 1354,330 1354,331 1355,331 1355,354 1366,354 1366,355 1367,355 1367,368 1366,368 1366,370 1365,370 1365,371 1264,371 1264,372 1263,372 1263,374 1262,374 1262,377 1261,377 1261,380 1260,380 1260,382 1259,382 1259,385 1258,385 1258,387 1257,387 1257,389 1256,389 1256,390 1255,390 1255,393 1254,393 1254,395 1253,395 1253,397 1252,397 1252,399 1251,399 1251,400 1250,400 1250,402 1249,402 1249,403 1248,403 1248,405 1247,405 1247,407 1246,407 1246,409 1245,409 1245,410 1244,410 1244,411 1243,411 1243,413 1242,413 1242,415 1241,415 1241,416 1240,416 1240,417 1239,417 1239,418 1238,418 1238,419 1237,419 1237,421 1236,421 1236,422 1235,422 1235,423 1234,423 1234,424 1232,424 1232,425 1230,425 1230,426 1226,426 1226,427 1215,427 1215,426 1214,426 1214,425 1213,425 1213,423 1212,423 1212,371 1086,371 1086,372 1084,372 1084,373 1082,373 1082,374 1080,374 1080,375 1078,375 1078,376 1076,376 1076,377 1075,377 1075,379 1074,379 1074,381 1073,381 1073,383 1072,383 1072,385 1071,385 1071,388 1070,388 1070,390 1069,390 1069,391 1068,391 1068,393 1067,393 1067,396 1066,396 1066,398 1065,398 1065,399 1064,399 1064,401 1063,401 1063,403 1062,403 1062,404 1061,404 1061,406 1060,406 1060,408 1059,408 1059,410 1058,410 1058,411 1057,411 1057,413 1056,413 1056,414 1055,414 1055,415 1054,415 1054,416 1053,416 1053,418 1052,418 1052,419 1051,419 1051,420 1050,420 1050,421 1049,421 1049,422 1048,422 1048,423 1047,423 1047,424 1045,424 1045,425 1043,425 1043,426 1041,426 1041,427 1038,427 1038,428 1028,428 1028,427 1026,427 1026,426 1025,426 1025,425 1024,425 1024,424 1023,424 1023,371 1012,371 1012,370 889,370 889,371 885,371 885,372 883,372 883,373 882,373 882,375 881,375 881,377 880,377 880,379 879,379 879,382 878,382 878,385 877,385 877,386 876,386 876,389 875,389 875,391 874,391 874,393 873,393 873,395 872,395 872,397 871,397 871,399 870,399 870,401 869,401 869,403 868,403 868,404 867,404 867,406 866,406 866,408 865,408 865,410 864,410 864,411 863,411 863,413 862,413 862,414 861,414 861,416 860,416 860,417 859,417 859,419 858,419 858,420 857,420 857,421 856,421 856,422 854,422 854,423 853,423 853,424 852,424 852,425 849,425 849,426 846,426 846,427 832,427 832,426 831,426 831,424 830,424 830,371 827,371 827,370 825,370 825,369 824,369 824,368 823,368 823,353 824,353 824,349 825,349 825,345 826,345 826,343 827,343 827,342 828,342 828,341 829,341 829,339 830,339 830,337 831,337 831,336 832,336 832,334 833,334 833,332 834,332 834,301 835,301 835,299 836,299 836,298 837,298 837,297 838,297 838,295 839,295 839,294 840,294 840,293 841,293 841,292 842,292 842,290 843,290 843,289 844,289 844,288 845,288 845,287 846,287 846,286 847,286 847,285 848,285 848,284 849,284 849,283 850,283 850,282 851,282 851,281 853,281 853,280 854,280 854,279 855,279 855,278 856,278 856,277 858,277 858,276 859,276 859,275 861,275 861,274 862,274 862,273 864,273 864,272 866,272 866,271 868,271 868,270 871,270 871,269"/>
	<TextEquiv>
	<Unicode>Spielplatze.</Unicode></TextEquiv></Word>
	<TextEquiv>
	<Unicode>Auf dem Spielplatze.</Unicode></TextEquiv></TextLine>
	<TextLine id="l3">
	<Coords points="785,415 785,416 786,416 786,418 810,418 810,432 828,432 828,433 830,433 830,434 833,434 833,435 836,435 836,436 840,436 840,437 850,437 850,438 873,438 873,437 874,437 874,436 875,436 875,435 876,435 876,434 877,434 877,433 878,433 878,432 922,432 922,431 923,431 923,429 924,429 924,428 925,428 925,427 926,427 926,425 927,425 927,424 928,424 928,422 929,422 929,421 930,421 930,419 931,419 931,417 932,417 932,416 943,416 943,475 944,475 944,476 1096,476 1096,447 1097,447 1097,446 1098,446 1098,444 1100,444 1100,443 1101,443 1101,442 1102,442 1102,441 1103,441 1103,440 1104,440 1104,439 1105,439 1105,438 1106,438 1106,437 1107,437 1107,436 1108,436 1108,435 1109,435 1109,434 1110,434 1110,433 1111,433 1111,432 1112,432 1112,431 1113,431 1113,430 1114,430 1114,429 1115,429 1115,428 1117,428 1117,427 1118,427 1118,426 1120,426 1120,425 1121,425 1121,424 1122,424 1122,423 1124,423 1124,422 1126,422 1126,421 1128,421 1128,420 1129,420 1129,419 1132,419 1132,418 1134,418 1134,417 1166,417 1166,416 1177,416 1177,418 1194,418 1194,422 1202,422 1202,423 1203,423 1203,424 1204,424 1204,425 1205,425 1205,426 1207,426 1207,427 1208,427 1208,428 1210,428 1210,429 1212,429 1212,430 1214,430 1214,431 1216,431 1216,432 1226,432 1226,433 1243,433 1243,432 1248,432 1248,431 1249,431 1249,430 1250,430 1250,429 1252,429 1252,428 1253,428 1253,427 1255,427 1255,426 1256,426 1256,425 1258,425 1258,424 1259,424 1259,423 1261,423 1261,422 1306,422 1306,421 1307,421 1307,419 1308,419 1308,418 1309,418 1309,417 1310,417 1310,416 1320,416 1320,417 1442,417 1442,416 1455,416 1455,417 1581,417 1581,418 1582,418 1582,420 1583,420 1583,451 1582,451 1582,452 1580,452 1580,453 1579,453 1579,454 1578,454 1578,455 1577,455 1577,456 1575,456 1575,457 1574,457 1574,458 1572,458 1572,459 1570,459 1570,460 1569,460 1569,462 1568,462 1568,463 1567,463 1567,464 1566,464 1566,516 1565,516 1565,518 1564,518 1564,519 1563,519 1563,520 1562,520 1562,523 1561,523 1561,524 1560,524 1560,525 1507,525 1507,527 1506,527 1506,529 1505,529 1505,531 1504,531 1504,533 1503,533 1503,534 1502,534 1502,536 1501,536 1501,538 1500,538 1500,539 1499,539 1499,541 1498,541 1498,544 1497,544 1497,545 1496,545 1496,547 1495,547 1495,549 1494,549 1494,551 1493,551 1493,552 1492,552 1492,554 1491,554 1491,556 1490,556 1490,558 1489,558 1489,559 1488,559 1488,561 1487,561 1487,563 1486,563 1486,565 1485,565 1485,566 1484,566 1484,568 1483,568 1483,570 1482,570 1482,573 1481,573 1481,574 1459,574 1459,573 1458,573 1458,572 1457,572 1457,571 1456,571 1456,570 1454,570 1454,569 1453,569 1453,568 1452,568 1452,567 1450,567 1450,566 1449,566 1449,565 1447,565 1447,564 1445,564 1445,563 1443,563 1443,562 1441,562 1441,561 1439,561 1439,560 1437,560 1437,559 1435,559 1435,558 1433,558 1433,557 1431,557 1431,556 1420,556 1420,557 1410,557 1410,558 1408,558 1408,559 1405,559 1405,560 1403,560 1403,561 1400,561 1400,562 1398,562 1398,563 1395,563 1395,564 1393,564 1393,565 1390,565 1390,566 1385,566 1385,567 1380,567 1380,568 1379,568 1379,570 1378,570 1378,571 1377,571 1377,573 1376,573 1376,574 1359,574 1359,573 1357,573 1357,572 1356,572 1356,571 1354,571 1354,570 1353,570 1353,568 1352,568 1352,565 1351,565 1351,563 1350,563 1350,560 1349,560 1349,559 1348,559 1348,558 1347,558 1347,557 1346,557 1346,556 1345,556 1345,555 1344,555 1344,554 1343,554 1343,553 1342,553 1342,552 1337,552 1337,551 1331,551 1331,550 1319,550 1319,551 1317,551 1317,552 1314,552 1314,553 1312,553 1312,554 1309,554 1309,555 1308,555 1308,556 1306,556 1306,557 1304,557 1304,558 1302,558 1302,559 1300,559 1300,560 1298,560 1298,561 1295,561 1295,562 1293,562 1293,563 1290,563 1290,564 1289,564 1289,565 1287,565 1287,566 1286,566 1286,567 1284,567 1284,568 1283,568 1283,569 1281,569 1281,570 1280,570 1280,571 1279,571 1279,572 1278,572 1278,573 1277,573 1277,574 1262,574 1262,575 1249,575 1249,574 1248,574 1248,573 1247,573 1247,572 1246,572 1246,550 1191,550 1191,549 1188,549 1188,548 1184,548 1184,547 1161,547 1161,548 1158,548 1158,549 1155,549 1155,550 1134,550 1134,551 1133,551 1133,553 1132,553 1132,555 1131,555 1131,556 1130,556 1130,558 1129,558 1129,559 1128,559 1128,561 1127,561 1127,562 1126,562 1126,563 1125,563 1125,565 1124,565 1124,566 1123,566 1123,567 1122,567 1122,568 1121,568 1121,569 1120,569 1120,570 1119,570 1119,571 1117,571 1117,573 1114,573 1114,574 1112,574 1112,575 1095,575 1095,574 1094,574 1094,530 1017,530 1017,516 848,516 848,523 751,523 751,526 750,526 750,528 749,528 749,531 748,531 748,532 747,532 747,534 746,534 746,536 745,536 745,538 744,538 744,540 743,540 743,542 742,542 742,544 741,544 741,546 740,546 740,548 739,548 739,549 738,549 738,550 737,550 737,552 736,552 736,554 735,554 735,555 734,555 734,557 733,557 733,558 732,558 732,559 731,559 731,561 730,561 730,562 729,562 729,563 728,563 728,564 727,564 727,565 726,565 726,566 725,566 725,568 724,568 724,569 722,569 722,570 721,570 721,571 720,571 720,572 717,572 717,573 715,573 715,574 713,574 713,575 711,575 711,576 700,576 700,575 699,575 699,573 698,573 698,572 697,572 697,570 696,570 696,569 695,569 695,567 694,567 694,566 693,566 693,565 692,565 692,564 691,564 691,563 690,563 690,562 689,562 689,561 688,561 688,560 687,560 687,559 686,559 686,558 685,558 685,556 684,556 684,554 683,554 683,552 682,552 682,550 681,550 681,549 679,549 679,548 677,548 677,547 675,547 675,546 673,546 673,545 662,545 662,546 660,546 660,547 658,547 658,548 656,548 656,549 654,549 654,550 652,550 652,551 651,551 651,552 649,552 649,553 647,553 647,554 645,554 645,555 643,555 643,556 642,556 642,557 641,557 641,558 640,558 640,559 638,559 638,560 637,560 637,561 636,561 636,562 634,562 634,563 633,563 633,564 632,564 632,565 631,565 631,566 629,566 629,567 628,567 628,568 627,568 627,569 625,569 625,570 624,570 624,571 622,571 622,572 584,572 584,573 583,573 583,574 581,574 581,575 579,575 579,576 565,576 565,575 563,575 563,574 562,574 562,571 561,571 561,528 449,528 449,530 448,530 448,532 447,532 447,534 446,534 446,536 445,536 445,538 444,538 444,539 443,539 443,541 442,541 442,543 441,543 441,544 440,544 440,545 439,545 439,547 438,547 438,549 437,549 437,550 436,550 436,552 435,552 435,553 434,553 434,555 433,555 433,557 432,557 432,558 431,558 431,559 430,559 430,561 429,561 429,562 428,562 428,563 427,563 427,565 426,565 426,566 425,566 425,567 424,567 424,568 423,568 423,569 422,569 422,570 421,570 421,571 420,571 420,572 419,572 419,573 418,573 418,574 416,574 416,575 413,575 413,576 401,576 401,575 398,575 398,572 397,572 397,516 260,516 260,517 257,517 257,518 255,518 255,519 251,519 251,520 249,520 249,521 247,521 247,522 245,522 245,523 244,523 244,525 243,525 243,527 242,527 242,529 241,529 241,532 240,532 240,534 239,534 239,535 238,535 238,538 237,538 237,540 236,540 236,541 235,541 235,543 234,543 234,546 233,546 233,547 232,547 232,549 231,549 231,551 230,551 230,552 229,552 229,554 228,554 228,555 227,555 227,557 226,557 226,558 225,558 225,560 224,560 224,561 223,561 223,563 222,563 222,564 221,564 221,565 220,565 220,566 219,566 219,567 218,567 218,568 217,568 217,569 216,569 216,570 215,570 215,571 213,571 213,572 212,572 212,573 210,573 210,574 206,574 206,575 192,575 192,574 191,574 191,572 190,572 190,570 189,570 189,494 190,494 190,491 191,491 191,489 192,489 192,487 193,487 193,485 194,485 194,484 195,484 195,483 196,483 196,481 197,481 197,480 198,480 198,478 199,478 199,477 200,477 200,446 201,446 201,445 202,445 202,444 203,444 203,443 204,443 204,442 205,442 205,441 206,441 206,440 207,440 207,439 208,439 208,438 209,438 209,436 211,436 211,434 212,434 212,433 214,433 214,432 215,432 215,431 216,431 216,430 218,430 218,429 219,429 219,428 220,428 220,427 221,427 221,426 223,426 223,425 224,425 224,424 225,424 225,423 227,423 227,422 229,422 229,421 231,421 231,420 235,420 235,419 269,419 269,418 272,418 272,417 283,417 283,418 284,418 284,422 308,422 308,429 420,429 420,427 421,427 421,426 422,426 422,425 423,425 423,424 424,424 424,423 425,423 425,422 426,422 426,421 427,421 427,420 428,420 428,419 429,419 429,418 431,418 431,417 444,417 444,418 445,418 445,419 446,419 446,421 447,421 447,475 561,475 561,456 562,456 562,453 563,453 563,452 564,452 564,451 565,451 565,450 566,450 566,449 579,449 579,450 706,450 706,447 707,447 707,445 708,445 708,444 709,444 709,443 710,443 710,442 712,442 712,441 713,441 713,440 714,440 714,438 715,438 715,437 717,437 717,436 718,436 718,435 719,435 719,434 720,434 720,433 721,433 721,432 722,432 722,431 724,431 724,430 725,430 725,429 726,429 726,428 727,428 727,427 728,427 728,426 729,426 729,425 730,425 730,424 732,424 732,423 733,423 733,422 734,422 734,421 736,421 736,420 737,420 737,419 739,419 739,418 741,418 741,417 744,417 744,416 775,416 775,415"/>
	<Word id="w73">
	<Coords points="283,417 283,418 284,418 284,422 308,422 308,429 420,429 420,427 421,427 421,426 422,426 422,425 423,425 423,424 424,424 424,423 425,423 425,422 426,422 426,421 427,421 427,420 428,420 428,419 429,419 429,418 431,418 431,417 444,417 444,418 445,418 445,419 446,419 446,421 447,421 447,475 561,475 561,456 562,456 562,453 563,453 563,452 564,452 564,451 565,451 565,450 566,450 566,449 579,449 579,450 596,450 596,475 636,475 636,476 637,476 637,477 664,477 664,489 662,489 662,490 661,490 661,491 658,491 658,492 657,492 657,493 655,493 655,494 654,494 654,495 652,495 652,516 651,516 651,518 650,518 650,520 649,520 649,521 648,521 648,522 647,522 647,524 646,524 646,525 645,525 645,526 644,526 644,527 643,527 643,529 642,529 642,530 641,530 641,531 611,531 611,533 610,533 610,534 609,534 609,536 608,536 608,538 607,538 607,541 606,541 606,543 605,543 605,544 604,544 604,545 603,545 603,547 602,547 602,549 601,549 601,551 600,551 600,552 599,552 599,553 598,553 598,555 597,555 597,557 596,557 596,559 595,559 595,560 594,560 594,562 593,562 593,563 592,563 592,565 591,565 591,566 590,566 590,567 589,567 589,568 588,568 588,569 587,569 587,571 585,571 585,572 584,572 584,573 583,573 583,574 581,574 581,575 579,575 579,576 565,576 565,575 563,575 563,574 562,574 562,571 561,571 561,528 449,528 449,530 448,530 448,532 447,532 447,534 446,534 446,536 445,536 445,538 444,538 444,539 443,539 443,541 442,541 442,543 441,543 441,544 440,544 440,545 439,545 439,547 438,547 438,549 437,549 437,550 436,550 436,552 435,552 435,553 434,553 434,555 433,555 433,557 432,557 432,558 431,558 431,559 430,559 430,561 429,561 429,562 428,562 428,563 427,563 427,565 426,565 426,566 425,566 425,567 424,567 424,568 423,568 423,569 422,569 422,570 421,570 421,571 420,571 420,572 419,572 419,573 418,573 418,574 416,574 416,575 413,575 413,576 401,576 401,575 398,575 398,572 397,572 397,516 260,516 260,517 257,517 257,518 255,518 255,519 251,519 251,520 249,520 249,521 247,521 247,522 245,522 245,523 244,523 244,525 243,525 243,527 242,527 242,529 241,529 241,532 240,532 240,534 239,534 239,535 238,535 238,538 237,538 237,540 236,540 236,541 235,541 235,543 234,543 234,546 233,546 233,547 232,547 232,549 231,549 231,551 230,551 230,552 229,552 229,554 228,554 228,555 227,555 227,557 226,557 226,558 225,558 225,560 224,560 224,561 223,561 223,563 222,563 222,564 221,564 221,565 220,565 220,566 219,566 219,567 218,567 218,568 217,568 217,569 216,569 216,570 215,570 215,571 213,571 213,572 212,572 212,573 210,573 210,574 206,574 206,575 192,575 192,574 191,574 191,572 190,572 190,570 189,570 189,494 190,494 190,491 191,491 191,489 192,489 192,487 193,487 193,485 194,485 194,484 195,484 195,483 196,483 196,481 197,481 197,480 198,480 198,478 199,478 199,477 200,477 200,446 201,446 201,445 202,445 202,444 203,444 203,443 204,443 204,442 205,442 205,441 206,441 206,440 207,440 207,439 208,439 208,438 209,438 209,436 211,436 211,434 212,434 212,433 214,433 214,432 215,432 215,431 216,431 216,430 218,430 218,429 219,429 219,428 220,428 220,427 221,427 221,426 223,426 223,425 224,425 224,424 225,424 225,423 227,423 227,422 229,422 229,421 231,421 231,420 235,420 235,419 269,419 269,418 272,418 272,417"/>
	<TextEquiv>
	<Unicode>Spielzeug,</Unicode></TextEquiv></Word>
	<Word id="w74">
	<Coords points="785,415 785,416 786,416 786,418 810,418 810,432 823,432 823,433 824,433 824,434 825,434 825,436 826,436 826,437 827,437 827,439 830,439 830,440 834,440 834,441 838,441 838,442 842,442 842,443 846,443 846,444 850,444 850,445 855,445 855,446 861,446 861,445 862,445 862,444 863,444 863,443 864,443 864,442 865,442 865,441 866,441 866,440 867,440 867,439 868,439 868,438 869,438 869,437 870,437 870,436 871,436 871,435 872,435 872,434 873,434 873,433 874,433 874,432 922,432 922,431 923,431 923,429 924,429 924,428 925,428 925,427 926,427 926,425 927,425 927,424 928,424 928,422 929,422 929,421 930,421 930,419 931,419 931,417 932,417 932,416 943,416 943,475 944,475 944,476 1045,476 1045,487 1044,487 1044,488 1043,488 1043,489 1041,489 1041,490 1039,490 1039,491 1038,491 1038,518 1037,518 1037,520 1036,520 1036,521 1035,521 1035,523 1034,523 1034,524 1033,524 1033,525 1032,525 1032,526 1031,526 1031,527 1030,527 1030,529 1029,529 1029,530 1017,530 1017,516 848,516 848,523 751,523 751,526 750,526 750,528 749,528 749,531 748,531 748,532 747,532 747,534 746,534 746,536 745,536 745,538 744,538 744,540 743,540 743,542 742,542 742,544 741,544 741,546 740,546 740,548 739,548 739,549 738,549 738,550 737,550 737,552 736,552 736,554 735,554 735,555 734,555 734,557 733,557 733,558 732,558 732,559 731,559 731,561 730,561 730,562 729,562 729,563 728,563 728,564 727,564 727,565 726,565 726,566 725,566 725,568 724,568 724,569 722,569 722,570 721,570 721,571 720,571 720,572 717,572 717,573 715,573 715,574 713,574 713,575 711,575 711,576 699,576 699,575 697,575 697,570 696,570 696,566 695,566 695,496 696,496 696,493 697,493 697,491 698,491 698,487 699,487 699,485 700,485 700,484 701,484 701,482 702,482 702,481 703,481 703,480 704,480 704,478 705,478 705,477 706,477 706,447 707,447 707,445 708,445 708,444 709,444 709,443 710,443 710,442 712,442 712,441 713,441 713,440 714,440 714,438 715,438 715,437 717,437 717,436 718,436 718,435 719,435 719,434 720,434 720,433 721,433 721,432 722,432 722,431 724,431 724,430 725,430 725,429 726,429 726,428 727,428 727,427 728,427 728,426 729,426 729,425 730,425 730,424 732,424 732,423 733,423 733,422 734,422 734,421 736,421 736,420 737,420 737,419 739,419 739,418 741,418 741,417 744,417 744,416 775,416 775,415"/>
	<TextEquiv>
	<Unicode>Spaten,</Unicode></TextEquiv></Word>
	<Word id="w89">
	<Coords points="1177,416 1177,418 1193,418 1193,419 1194,419 1194,422 1200,422 1200,423 1201,423 1201,424 1203,424 1203,425 1205,425 1205,426 1207,426 1207,427 1209,427 1209,428 1210,428 1210,429 1212,429 1212,430 1214,430 1214,431 1216,431 1216,432 1224,432 1224,431 1231,431 1231,430 1237,430 1237,429 1244,429 1244,428 1250,428 1250,427 1257,427 1257,426 1264,426 1264,425 1266,425 1266,424 1268,424 1268,423 1271,423 1271,422 1306,422 1306,421 1307,421 1307,419 1308,419 1308,418 1309,418 1309,417 1310,417 1310,416 1320,416 1320,417 1321,417 1321,479 1346,479 1346,489 1345,489 1345,490 1343,490 1343,491 1342,491 1342,492 1340,492 1340,493 1339,493 1339,494 1338,494 1338,495 1337,495 1337,515 1336,515 1336,518 1335,518 1335,521 1334,521 1334,523 1333,523 1333,525 1332,525 1332,527 1331,527 1331,528 1330,528 1330,529 1296,529 1296,530 1295,530 1295,532 1294,532 1294,533 1293,533 1293,536 1292,536 1292,538 1291,538 1291,540 1290,540 1290,542 1289,542 1289,544 1288,544 1288,546 1287,546 1287,548 1286,548 1286,550 1285,550 1285,552 1284,552 1284,553 1283,553 1283,554 1282,554 1282,556 1281,556 1281,557 1280,557 1280,559 1279,559 1279,560 1278,560 1278,562 1277,562 1277,563 1276,563 1276,565 1275,565 1275,566 1274,566 1274,567 1273,567 1273,568 1272,568 1272,569 1271,569 1271,570 1270,570 1270,571 1268,571 1268,572 1266,572 1266,573 1264,573 1264,574 1262,574 1262,575 1249,575 1249,574 1248,574 1248,573 1247,573 1247,572 1246,572 1246,550 1134,550 1134,551 1133,551 1133,553 1132,553 1132,555 1131,555 1131,556 1130,556 1130,558 1129,558 1129,559 1128,559 1128,561 1127,561 1127,562 1126,562 1126,563 1125,563 1125,565 1124,565 1124,566 1123,566 1123,567 1122,567 1122,568 1121,568 1121,569 1120,569 1120,570 1119,570 1119,571 1116,571 1116,572 1113,572 1113,573 1110,573 1110,574 1107,574 1107,575 1095,575 1095,574 1094,574 1094,517 1089,517 1089,516 1087,516 1087,515 1086,515 1086,513 1085,513 1085,498 1086,498 1086,496 1087,496 1087,494 1088,494 1088,492 1089,492 1089,490 1090,490 1090,489 1091,489 1091,487 1092,487 1092,485 1093,485 1093,484 1094,484 1094,482 1096,482 1096,447 1097,447 1097,446 1098,446 1098,444 1100,444 1100,443 1101,443 1101,442 1102,442 1102,441 1103,441 1103,440 1104,440 1104,439 1105,439 1105,438 1106,438 1106,437 1107,437 1107,436 1108,436 1108,435 1109,435 1109,434 1110,434 1110,433 1111,433 1111,432 1112,432 1112,431 1113,431 1113,430 1114,430 1114,429 1115,429 1115,428 1117,428 1117,427 1118,427 1118,426 1120,426 1120,425 1121,425 1121,424 1122,424 1122,423 1124,423 1124,422 1126,422 1126,421 1128,421 1128,420 1129,420 1129,419 1132,419 1132,418 1134,418 1134,417 1166,417 1166,416"/>
	<TextEquiv>
	<Unicode>Spatz,</Unicode></TextEquiv></Word>
	<Word id="w104">
	<Coords points="1455,416 1455,417 1581,417 1581,418 1582,418 1582,420 1583,420 1583,451 1582,451 1582,452 1580,452 1580,453 1579,453 1579,454 1578,454 1578,455 1577,455 1577,456 1575,456 1575,457 1574,457 1574,458 1572,458 1572,459 1570,459 1570,460 1569,460 1569,462 1568,462 1568,463 1567,463 1567,464 1566,464 1566,516 1565,516 1565,518 1564,518 1564,519 1563,519 1563,520 1562,520 1562,523 1561,523 1561,524 1560,524 1560,525 1507,525 1507,527 1506,527 1506,529 1505,529 1505,531 1504,531 1504,533 1503,533 1503,534 1502,534 1502,536 1501,536 1501,538 1500,538 1500,539 1499,539 1499,541 1498,541 1498,544 1497,544 1497,545 1496,545 1496,547 1495,547 1495,549 1494,549 1494,551 1493,551 1493,552 1492,552 1492,554 1491,554 1491,556 1490,556 1490,558 1489,558 1489,559 1488,559 1488,561 1487,561 1487,563 1486,563 1486,565 1485,565 1485,566 1484,566 1484,568 1483,568 1483,570 1482,570 1482,573 1481,573 1481,574 1471,574 1471,573 1468,573 1468,572 1466,572 1466,571 1464,571 1464,570 1461,570 1461,569 1458,569 1458,568 1455,568 1455,567 1451,567 1451,566 1448,566 1448,565 1444,565 1444,564 1441,564 1441,563 1437,563 1437,562 1434,562 1434,561 1431,561 1431,560 1427,560 1427,559 1424,559 1424,558 1420,558 1420,557 1417,557 1417,556 1413,556 1413,555 1410,555 1410,554 1405,554 1405,555 1403,555 1403,556 1401,556 1401,557 1399,557 1399,558 1397,558 1397,559 1396,559 1396,560 1394,560 1394,561 1392,561 1392,562 1390,562 1390,563 1388,563 1388,564 1387,564 1387,565 1385,565 1385,566 1383,566 1383,567 1381,567 1381,568 1379,568 1379,569 1378,569 1378,570 1376,570 1376,571 1374,571 1374,572 1372,572 1372,573 1370,573 1370,574 1368,574 1368,573 1366,573 1366,570 1365,570 1365,512 1364,512 1364,509 1363,509 1363,495 1364,495 1364,493 1365,493 1365,490 1366,490 1366,488 1367,488 1367,486 1368,486 1368,484 1369,484 1369,482 1370,482 1370,481 1371,481 1371,479 1372,479 1372,448 1373,448 1373,446 1374,446 1374,445 1375,445 1375,444 1376,444 1376,443 1378,443 1378,441 1380,441 1380,440 1381,440 1381,439 1382,439 1382,438 1383,438 1383,437 1384,437 1384,436 1385,436 1385,435 1386,435 1386,434 1387,434 1387,433 1388,433 1388,432 1389,432 1389,431 1390,431 1390,430 1391,430 1391,429 1392,429 1392,428 1394,428 1394,427 1395,427 1395,426 1396,426 1396,425 1398,425 1398,424 1399,424 1399,423 1401,423 1401,422 1402,422 1402,421 1403,421 1403,420 1405,420 1405,419 1407,419 1407,418 1409,418 1409,417 1442,417 1442,416"/>
	<TextEquiv>
	<Unicode>Spaß,</Unicode></TextEquiv></Word>
	<TextEquiv>
	<Unicode>Spielzeug, Spaten, Spatz, Spaß,</Unicode></TextEquiv></TextLine>
	<TextLine id="l4">
	<Coords points="1169,563 1169,564 1204,564 1204,565 1205,565 1205,566 1206,566 1206,567 1207,567 1207,568 1208,568 1208,569 1209,569 1209,570 1211,570 1211,571 1212,571 1212,572 1214,572 1214,573 1216,573 1216,574 1218,574 1218,575 1220,575 1220,576 1241,576 1241,575 1264,575 1264,574 1274,574 1274,573 1275,573 1275,572 1277,572 1277,571 1279,571 1279,570 1281,570 1281,569 1283,569 1283,568 1284,568 1284,567 1286,567 1286,566 1288,566 1288,565 1290,565 1290,564 1320,564 1320,565 1325,565 1325,566 1326,566 1326,567 1327,567 1327,568 1328,568 1328,569 1329,569 1329,570 1330,570 1330,571 1331,571 1331,572 1333,572 1333,573 1343,573 1343,574 1376,574 1376,573 1377,573 1377,572 1379,572 1379,571 1381,571 1381,570 1383,570 1383,569 1385,569 1385,568 1387,568 1387,567 1390,567 1390,566 1392,566 1392,565 1395,565 1395,564 1430,564 1430,563 1440,563 1440,564 1442,564 1442,594 1508,594 1508,595 1509,595 1509,620 1558,620 1558,621 1559,621 1559,624 1581,624 1581,634 1580,634 1580,635 1578,635 1578,636 1576,636 1576,637 1574,637 1574,638 1573,638 1573,639 1572,639 1572,659 1571,659 1571,661 1570,661 1570,663 1569,663 1569,664 1568,664 1568,666 1567,666 1567,667 1566,667 1566,669 1564,669 1564,670 1554,670 1554,669 1553,669 1553,662 1305,662 1305,663 1304,663 1304,664 1303,664 1303,666 1302,666 1302,668 1301,668 1301,669 1300,669 1300,671 1299,671 1299,672 1288,672 1288,662 1037,662 1037,665 1036,665 1036,666 1035,666 1035,667 1034,667 1034,669 1033,669 1033,670 1032,670 1032,671 1031,671 1031,672 1030,672 1030,673 886,673 886,674 885,674 885,676 884,676 884,678 883,678 883,680 882,680 882,682 881,682 881,683 880,683 880,686 879,686 879,688 878,688 878,689 877,689 877,691 876,691 876,692 875,692 875,694 874,694 874,696 873,696 873,698 872,698 872,699 871,699 871,701 870,701 870,702 869,702 869,704 868,704 868,705 867,705 867,707 866,707 866,708 865,708 865,709 864,709 864,711 863,711 863,712 861,712 861,713 860,713 860,714 859,714 859,715 858,715 858,716 857,716 857,717 855,717 855,718 840,718 840,717 839,717 839,716 838,716 838,714 837,714 837,661 683,667 640,719 589,718 620,661 573,661 573,664 572,664 572,665 571,665 571,666 570,666 570,667 569,667 569,669 568,669 568,670 567,670 567,671 557,671 557,670 556,670 556,664 279,664 279,665 277,665 277,666 274,666 274,667 273,667 273,668 270,668 270,669 269,669 269,670 268,670 268,671 267,671 267,676 266,676 266,679 265,679 265,681 264,681 264,685 263,685 263,688 262,688 262,689 261,689 261,691 260,691 260,693 259,693 259,695 258,695 258,697 257,697 257,698 256,698 256,701 255,701 255,702 254,702 254,703 253,703 253,705 252,705 252,706 251,706 251,708 250,708 250,709 249,709 249,710 248,710 248,712 247,712 247,713 246,713 246,714 245,714 245,715 244,715 244,716 243,716 243,717 241,717 241,718 239,718 239,719 236,719 236,720 225,720 225,719 190,719 190,718 189,718 189,707 190,707 190,705 191,705 191,704 192,704 192,702 193,702 193,701 194,701 194,699 195,699 195,649 196,649 196,648 198,648 198,647 199,647 199,646 200,646 200,645 201,645 201,644 202,644 202,643 204,643 204,642 205,642 205,641 207,641 207,640 208,640 208,639 209,639 209,638 210,638 210,637 211,637 211,636 212,636 212,635 214,635 214,634 215,634 215,633 216,633 216,632 217,632 217,631 219,631 219,630 220,630 220,629 221,629 221,628 222,628 222,627 223,627 223,626 224,626 224,625 225,625 225,624 226,624 226,623 227,623 227,622 228,622 228,621 229,621 229,620 230,620 230,619 231,619 231,618 232,618 232,617 233,617 233,616 235,616 235,615 236,615 236,613 238,613 238,612 239,612 239,611 240,611 240,610 241,610 241,609 242,609 242,608 243,608 243,607 244,607 244,606 245,606 245,605 246,605 246,604 247,604 247,603 248,603 248,602 249,602 249,601 250,601 250,600 251,600 251,599 252,599 252,598 253,598 253,597 254,597 254,595 256,595 256,593 258,593 258,592 259,592 259,590 260,590 260,589 261,589 261,588 262,588 262,587 263,587 263,586 264,586 264,585 265,585 265,584 266,584 266,583 267,583 267,582 268,582 268,581 269,581 269,579 270,579 270,578 271,578 271,576 272,576 272,575 273,575 273,574 274,574 274,572 275,572 275,571 276,571 276,569 277,569 277,568 277,569 282,569 282,570 329,570 329,571 332,571 332,572 335,572 335,573 338,573 338,574 343,574 343,575 348,575 348,576 353,576 353,577 358,577 358,578 360,578 360,579 363,579 363,580 365,580 365,581 368,581 368,582 390,582 390,581 401,581 401,580 402,580 402,579 403,579 403,578 405,578 405,577 406,577 406,576 408,576 408,575 409,575 409,574 411,574 411,573 416,573 416,572 421,572 421,571 424,571 424,570 427,570 427,569 431,569 431,568 433,568 433,567 436,567 436,566 477,566 477,565 479,565 479,564 492,564 492,565 535,565 535,566 539,566 539,567 540,567 540,568 541,568 541,569 542,569 542,570 544,570 544,571 545,571 545,572 546,572 546,573 548,573 548,574 550,574 550,575 553,575 553,576 556,576 556,577 559,577 559,578 594,578 594,577 596,577 596,576 599,576 599,575 602,575 602,574 605,574 605,573 607,573 607,572 609,572 609,571 611,571 611,570 613,570 613,569 615,569 615,568 618,568 618,567 621,567 621,566 625,566 625,565 691,565 691,566 692,566 692,568 693,568 693,593 807,593 807,594 809,594 809,621 1089,621 1089,620 1090,620 1090,619 1091,619 1091,618 1092,618 1092,617 1093,617 1093,616 1094,616 1094,589 1095,589 1095,588 1096,588 1096,587 1097,587 1097,586 1098,586 1098,585 1099,585 1099,584 1100,584 1100,583 1101,583 1101,582 1103,582 1103,581 1104,581 1104,580 1105,580 1105,579 1106,579 1106,578 1107,578 1107,577 1108,577 1108,576 1109,576 1109,575 1111,575 1111,574 1112,574 1112,573 1113,573 1113,572 1114,572 1114,571 1117,571 1117,570 1119,570 1119,569 1122,569 1122,568 1123,568 1123,567 1125,567 1125,566 1126,566 1126,565 1128,565 1128,564 1158,564 1158,563"/>
	<Word id="w117">
	<Coords points="492,564 492,565 494,565 494,622 558,622 558,623 586,623 586,635 584,635 584,636 582,636 582,637 580,637 580,638 578,638 578,639 577,639 577,640 575,640 575,641 574,641 574,661 573,661 573,664 572,664 572,665 571,665 571,666 570,666 570,667 569,667 569,669 568,669 568,670 567,670 567,671 557,671 557,670 556,670 556,662 440,662 440,663 438,663 438,664 426,664 426,663 425,663 425,662 282,662 282,663 281,663 281,664 279,664 279,665 277,665 277,666 274,666 274,667 273,667 273,668 270,668 270,669 269,669 269,670 268,670 268,671 267,671 267,676 266,676 266,679 265,679 265,681 264,681 264,685 263,685 263,688 262,688 262,689 261,689 261,691 260,691 260,693 259,693 259,695 258,695 258,697 257,697 257,698 256,698 256,701 255,701 255,702 254,702 254,703 253,703 253,705 252,705 252,706 251,706 251,708 250,708 250,709 249,709 249,710 248,710 248,712 247,712 247,713 246,713 246,714 245,714 245,715 244,715 244,716 242,716 242,717 240,717 240,718 238,718 238,719 236,719 236,720 225,720 225,719 190,719 190,718 189,718 189,707 190,707 190,705 191,705 191,704 192,704 192,702 193,702 193,701 194,701 194,699 195,699 195,649 196,649 196,648 198,648 198,647 199,647 199,646 200,646 200,645 201,645 201,644 202,644 202,643 204,643 204,642 205,642 205,641 207,641 207,640 208,640 208,639 209,639 209,638 210,638 210,637 211,637 211,636 212,636 212,635 214,635 214,634 215,634 215,633 216,633 216,632 217,632 217,631 219,631 219,630 220,630 220,629 221,629 221,628 222,628 222,627 223,627 223,626 224,626 224,625 225,625 225,624 226,624 226,623 227,623 227,622 228,622 228,621 229,621 229,620 230,620 230,619 231,619 231,618 232,618 232,617 233,617 233,616 235,616 235,615 236,615 236,613 238,613 238,612 239,612 239,611 240,611 240,610 241,610 241,609 242,609 242,608 243,608 243,607 244,607 244,606 245,606 245,605 246,605 246,604 247,604 247,603 248,603 248,602 249,602 249,601 250,601 250,600 251,600 251,599 252,599 252,598 253,598 253,597 254,597 254,595 256,595 256,593 258,593 258,592 259,592 259,590 260,590 260,589 261,589 261,588 262,588 262,587 263,587 263,586 264,586 264,585 265,585 265,584 266,584 266,583 267,583 267,582 268,582 268,581 269,581 269,579 270,579 270,578 271,578 271,576 272,576 272,575 273,575 273,574 274,574 274,572 275,572 275,571 276,571 276,569 277,569 277,568 278,568 278,567 279,567 279,566 290,566 290,593 370,593 370,594 375,594 375,595 386,595 386,594 391,594 391,593 456,593 456,592 457,592 457,590 458,590 458,588 459,588 459,587 460,587 460,585 461,585 461,584 462,584 462,583 463,583 463,582 464,582 464,580 465,580 465,579 466,579 466,578 467,578 467,577 468,577 468,576 469,576 469,574 470,574 470,573 471,573 471,571 472,571 472,570 473,570 473,569 474,569 474,568 475,568 475,567 476,567 476,566 477,566 477,565 479,565 479,564"/>
	<TextEquiv>
	<Unicode>ſpielen,</Unicode></TextEquiv></Word>
	<Word id="w118">
	<Coords points="685,565 685,566 686,566 686,567 687,567 687,568 688,568 688,570 689,570 689,571 690,571 690,572 691,572 691,573 692,573 692,574 693,574 693,593 743,593 743,594 746,594 746,595 749,595 749,596 752,596 752,597 755,597 755,598 758,598 758,599 761,599 761,600 767,600 767,599 770,599 770,598 772,598 772,597 775,597 775,596 778,596 778,595 782,595 782,594 786,594 786,593 807,593 807,594 809,594 809,621 1053,621 1053,633 1052,633 1052,634 1049,634 1049,635 1047,635 1047,636 1046,636 1046,637 1044,637 1044,638 1042,638 1042,639 1041,639 1041,640 1039,640 1039,660 1038,660 1038,662 1037,662 1037,665 1036,665 1036,666 1035,666 1035,667 1034,667 1034,669 1033,669 1033,670 1032,670 1032,671 1031,671 1031,672 1030,672 1030,673 886,673 886,674 885,674 885,676 884,676 884,678 883,678 883,680 882,680 882,682 881,682 881,683 880,683 880,686 879,686 879,688 878,688 878,689 877,689 877,691 876,691 876,692 875,692 875,694 874,694 874,696 873,696 873,698 872,698 872,699 871,699 871,701 870,701 870,702 869,702 869,704 868,704 868,705 867,705 867,707 866,707 866,708 865,708 865,709 864,709 864,711 863,711 863,712 861,712 861,713 860,713 860,714 859,714 859,715 858,715 858,716 857,716 857,717 855,717 855,718 840,718 840,717 839,717 839,716 838,716 838,714 837,714 837,661 800,661 800,660 688,660 643,718 591,723 621,660 603,660 603,649 605,649 605,648 606,648 606,647 607,647 607,646 608,646 608,645 609,645 609,644 610,644 610,643 612,643 612,642 613,642 613,641 614,641 614,640 615,640 615,639 617,639 617,638 619,638 619,636 621,636 621,635 622,635 622,634 623,634 623,633 624,633 624,632 625,632 625,631 626,631 626,630 627,630 627,629 628,629 628,628 629,628 629,627 630,627 630,626 631,626 631,625 632,625 632,624 633,624 633,623 635,623 635,621 637,621 637,620 638,620 638,619 639,619 639,618 640,618 640,617 641,617 641,616 642,616 642,615 643,615 643,614 644,614 644,613 645,613 645,612 646,612 646,611 647,611 647,609 648,609 648,608 649,608 649,607 650,607 650,606 651,606 651,605 652,605 652,604 653,604 653,603 654,603 654,602 655,602 655,601 656,601 656,599 657,599 657,598 658,598 658,597 659,597 659,596 660,596 660,595 661,595 661,594 662,594 662,593 663,593 663,592 664,592 664,590 665,590 665,589 666,589 666,588 667,588 667,587 668,587 668,586 669,586 669,584 670,584 670,583 671,583 671,582 672,582 672,580 673,580 673,579 674,579 674,578 675,578 675,576 676,576 676,574 677,574 677,573 678,573 678,572 679,572 679,570 680,570 680,568 681,568 681,567 682,567 682,566 683,566 683,565"/>
	<TextEquiv>
	<Unicode>ſpringen,</Unicode></TextEquiv></Word>
	<Word id="w131">
	<Coords points="1169,563 1169,565 1184,565 1184,577 1209,577 1209,578 1210,578 1210,579 1212,579 1212,580 1213,580 1213,581 1214,581 1214,582 1216,582 1216,583 1217,583 1217,584 1219,584 1219,585 1220,585 1220,586 1221,586 1221,587 1223,587 1223,588 1224,588 1224,589 1226,589 1226,590 1227,590 1227,591 1228,591 1228,592 1230,592 1230,593 1231,593 1231,594 1234,594 1234,593 1236,593 1236,592 1238,592 1238,591 1240,591 1240,590 1242,590 1242,589 1244,589 1244,588 1246,588 1246,587 1248,587 1248,586 1250,586 1250,585 1252,585 1252,584 1254,584 1254,583 1256,583 1256,582 1258,582 1258,581 1260,581 1260,580 1262,580 1262,579 1263,579 1263,578 1265,578 1265,577 1296,577 1296,575 1297,575 1297,574 1298,574 1298,573 1299,573 1299,572 1300,572 1300,571 1301,571 1301,569 1302,569 1302,568 1303,568 1303,566 1304,566 1304,565 1305,565 1305,564 1315,564 1315,574 1323,574 1323,577 1324,577 1324,591 1323,591 1323,596 1322,596 1322,598 1321,598 1321,600 1320,600 1320,602 1319,602 1319,604 1318,604 1318,606 1317,606 1317,607 1316,607 1316,609 1315,609 1315,610 1314,610 1314,611 1313,611 1313,613 1312,613 1312,614 1311,614 1311,615 1310,615 1310,616 1309,616 1309,617 1308,617 1308,618 1307,618 1307,619 1306,619 1306,660 1305,660 1305,663 1304,663 1304,664 1303,664 1303,666 1302,666 1302,668 1301,668 1301,669 1300,669 1300,671 1299,671 1299,672 1288,672 1288,662 1254,662 1254,661 1133,661 1133,662 1084,662 1084,661 1081,661 1081,660 1079,660 1079,659 1077,659 1077,641 1078,641 1078,638 1079,638 1079,636 1080,636 1080,634 1081,634 1081,633 1082,633 1082,631 1083,631 1083,629 1084,629 1084,627 1085,627 1085,626 1086,626 1086,624 1087,624 1087,623 1088,623 1088,621 1089,621 1089,620 1090,620 1090,619 1091,619 1091,618 1092,618 1092,617 1093,617 1093,616 1094,616 1094,589 1095,589 1095,588 1096,588 1096,587 1097,587 1097,586 1098,586 1098,585 1099,585 1099,584 1100,584 1100,583 1101,583 1101,582 1103,582 1103,581 1104,581 1104,580 1106,580 1106,579 1107,579 1107,578 1109,578 1109,577 1110,577 1110,576 1112,576 1112,575 1113,575 1113,574 1114,574 1114,573 1116,573 1116,572 1117,572 1117,571 1119,571 1119,570 1120,570 1120,569 1122,569 1122,568 1123,568 1123,567 1125,567 1125,566 1126,566 1126,565 1128,565 1128,564 1158,564 1158,563"/>
	<TextEquiv>
	<Unicode>Stock,</Unicode></TextEquiv></Word>
	<Word id="w147">
	<Coords points="1437,563 1437,564 1441,564 1441,565 1442,565 1442,594 1508,594 1508,595 1509,595 1509,620 1558,620 1558,621 1559,621 1559,624 1581,624 1581,634 1580,634 1580,635 1578,635 1578,636 1576,636 1576,637 1574,637 1574,638 1573,638 1573,639 1572,639 1572,659 1571,659 1571,661 1570,661 1570,663 1569,663 1569,664 1568,664 1568,666 1567,666 1567,667 1566,667 1566,669 1564,669 1564,670 1554,670 1554,669 1553,669 1553,661 1394,661 1394,662 1343,662 1343,661 1341,661 1341,658 1340,658 1340,650 1339,650 1339,642 1340,642 1340,638 1341,638 1341,635 1342,635 1342,632 1343,632 1343,631 1344,631 1344,629 1345,629 1345,628 1346,628 1346,626 1347,626 1347,624 1348,624 1348,622 1349,622 1349,591 1350,591 1350,589 1351,589 1351,588 1352,588 1352,587 1353,587 1353,586 1354,586 1354,585 1355,585 1355,584 1356,584 1356,583 1357,583 1357,582 1358,582 1358,581 1359,581 1359,580 1360,580 1360,579 1361,579 1361,578 1364,578 1364,577 1366,577 1366,576 1368,576 1368,575 1370,575 1370,574 1373,574 1373,573 1375,573 1375,572 1377,572 1377,571 1380,571 1380,570 1382,570 1382,569 1384,569 1384,568 1387,568 1387,567 1389,567 1389,566 1391,566 1391,565 1393,565 1393,564 1430,564 1430,563"/>
	<TextEquiv>
	<Unicode>Stein,</Unicode></TextEquiv></Word>
	<TextEquiv>
	<Unicode>ſpielen, ſpringen, Stock, Stein,</Unicode></TextEquiv></TextLine>
	<TextLine id="l5">
	<Coords points="1113,708 1113,709 1115,709 1115,710 1116,710 1116,711 1117,711 1117,766 1272,766 1272,765 1273,765 1273,764 1274,764 1274,763 1275,763 1275,762 1276,762 1276,761 1277,761 1277,760 1278,760 1278,759 1279,759 1279,758 1280,758 1280,756 1282,756 1282,754 1283,754 1283,753 1284,753 1284,752 1286,752 1286,750 1287,750 1287,749 1288,749 1288,748 1289,748 1289,746 1290,746 1290,745 1291,745 1291,744 1292,744 1292,743 1293,743 1293,742 1294,742 1294,741 1295,741 1295,740 1296,740 1296,739 1297,739 1297,737 1298,737 1298,736 1299,736 1299,734 1300,734 1300,733 1301,733 1301,732 1302,732 1302,731 1303,731 1303,730 1304,730 1304,729 1305,729 1305,728 1306,728 1306,726 1307,726 1307,725 1308,725 1308,724 1309,724 1309,723 1310,723 1310,721 1311,721 1311,720 1312,720 1312,719 1313,719 1313,717 1314,717 1314,716 1315,716 1315,714 1316,714 1316,713 1317,713 1317,711 1318,711 1318,710 1353,710 1353,709 1364,709 1364,739 1387,739 1387,740 1393,740 1393,741 1394,741 1394,766 1540,766 1540,765 1550,765 1550,766 1551,766 1551,767 1574,767 1574,770 1590,770 1590,780 1586,780 1586,783 1585,783 1585,784 1581,784 1581,787 1580,787 1580,805 1579,805 1579,807 1578,807 1578,809 1577,809 1577,811 1576,811 1576,812 1575,812 1575,814 1574,814 1574,815 1454,815 1454,817 1453,817 1453,820 1452,820 1452,822 1451,822 1451,823 1450,823 1450,825 1449,825 1449,827 1448,827 1448,829 1447,829 1447,831 1446,831 1446,833 1445,833 1445,835 1444,835 1444,837 1443,837 1443,838 1442,838 1442,840 1441,840 1441,842 1440,842 1440,843 1439,843 1439,845 1438,845 1438,846 1437,846 1437,848 1436,848 1436,849 1435,849 1435,851 1434,851 1434,852 1433,852 1433,854 1432,854 1432,855 1431,855 1431,856 1430,856 1430,857 1429,857 1429,858 1428,858 1428,859 1427,859 1427,860 1426,860 1426,861 1425,861 1425,862 1423,862 1423,863 1422,863 1422,864 1407,864 1407,863 1406,863 1406,861 1405,861 1405,858 1404,858 1404,806 1220,806 1220,809 1219,809 1219,810 1218,810 1218,811 1217,811 1217,813 1216,813 1216,814 1215,814 1215,816 1214,816 1214,817 1213,817 1213,818 1212,818 1212,819 1200,819 1200,807 1061,807 1061,808 1045,808 1045,809 1044,809 1044,810 1043,810 1043,812 1042,812 1042,814 1041,814 1041,816 1040,816 1040,818 1039,818 1039,819 1038,819 1038,821 1037,821 1037,823 1036,823 1036,825 1035,825 1035,827 1034,827 1034,828 1033,828 1033,830 1032,830 1032,832 1031,832 1031,833 1030,833 1030,834 1029,834 1029,836 1028,836 1028,838 1027,838 1027,840 1026,840 1026,842 1025,842 1025,843 1024,843 1024,845 1023,845 1023,847 1022,847 1022,849 1021,849 1021,850 1020,850 1020,852 1019,852 1019,854 1018,854 1018,856 1017,856 1017,858 1016,858 1016,859 1015,859 1015,861 1014,861 1014,863 1013,863 1013,864 1012,864 1012,865 998,865 998,864 997,864 997,863 996,863 996,862 986,862 986,860 985,860 985,859 984,859 984,857 983,857 983,856 982,856 982,855 981,855 981,853 980,853 980,852 979,852 979,851 978,851 978,849 977,849 977,848 976,848 976,846 975,846 975,845 974,845 974,844 973,844 973,842 972,842 972,841 971,841 971,840 970,840 970,838 969,838 969,837 968,837 968,836 963,836 963,837 960,837 960,838 956,838 956,839 953,839 953,840 949,840 949,841 946,841 946,842 943,842 943,843 939,843 939,844 936,844 936,845 932,845 932,846 929,846 929,847 926,847 926,848 922,848 922,849 919,849 919,850 915,850 915,851 912,851 912,852 909,852 909,853 905,853 905,854 902,854 902,855 898,855 898,856 895,856 895,857 892,857 892,858 890,858 890,859 888,859 888,860 886,860 886,861 884,861 884,862 882,862 882,863 881,863 881,864 867,864 867,819 847,819 847,807 671,807 671,808 540,808 540,809 539,809 539,810 538,810 538,811 537,811 537,813 536,813 536,815 535,815 535,817 534,817 534,818 533,818 533,819 532,819 532,820 521,820 521,808 404,808 404,809 403,809 403,811 402,811 402,814 401,814 401,815 400,815 400,817 399,817 399,819 398,819 398,821 397,821 397,823 396,823 396,825 395,825 395,827 394,827 394,828 393,828 393,830 392,830 392,831 391,831 391,834 390,834 390,835 389,835 389,837 388,837 388,839 387,839 387,841 386,841 386,842 385,842 385,844 384,844 384,846 383,846 383,847 382,847 382,849 381,849 381,850 380,850 380,852 379,852 379,853 378,853 378,855 376,855 376,856 375,856 375,858 374,858 374,859 373,859 373,860 372,860 372,861 370,861 370,862 369,862 369,863 366,863 366,864 349,864 349,862 348,862 348,809 225,809 225,811 224,811 224,812 223,812 223,813 222,813 222,815 221,815 221,816 220,816 220,818 219,818 219,819 218,819 218,821 217,821 217,823 216,823 216,825 215,825 215,827 214,827 214,828 213,828 213,829 212,829 212,831 211,831 211,833 210,833 210,835 209,835 209,837 208,837 208,838 207,838 207,840 206,840 206,842 205,842 205,843 204,843 204,846 203,846 203,847 202,847 202,849 201,849 201,851 200,851 200,852 199,852 199,854 198,854 198,856 197,856 197,857 196,857 196,859 195,859 195,861 194,861 194,862 193,862 193,864 191,864 191,865 179,865 179,864 177,864 177,862 176,862 176,852 177,852 177,851 178,851 178,850 179,850 179,847 180,847 180,846 181,846 181,844 182,844 182,842 183,842 183,794 185,794 185,793 186,793 186,792 187,792 187,791 189,791 189,790 190,790 190,789 192,789 192,788 193,788 193,787 194,787 194,786 195,786 195,785 197,785 197,784 198,784 198,783 199,783 199,782 200,782 200,781 201,781 201,780 203,780 203,779 204,779 204,778 205,778 205,777 206,777 206,776 207,776 207,775 208,775 208,774 209,774 209,773 210,773 210,772 212,772 212,771 213,771 213,770 214,770 214,769 215,769 215,768 216,768 216,767 218,767 218,766 219,766 219,765 220,765 220,764 221,764 221,763 222,763 222,762 223,762 223,761 224,761 224,760 225,760 225,759 226,759 226,758 227,758 227,757 228,757 228,756 229,756 229,754 231,754 231,753 232,753 232,752 233,752 233,750 234,750 234,749 235,749 235,748 237,748 237,746 238,746 238,745 240,745 240,743 241,743 241,742 242,742 242,741 243,741 243,740 244,740 244,739 245,739 245,738 246,738 246,737 247,737 247,736 248,736 248,735 249,735 249,734 250,734 250,733 251,733 251,731 252,731 252,730 253,730 253,729 254,729 254,728 255,728 255,727 256,727 256,726 257,726 257,725 258,725 258,724 259,724 259,723 260,723 260,721 261,721 261,720 262,720 262,719 263,719 263,717 264,717 264,716 265,716 265,715 266,715 266,713 267,713 267,712 268,712 268,711 269,711 269,710 299,710 299,709 310,709 310,741 366,741 366,742 367,742 367,767 452,767 452,768 618,768 618,767 619,767 619,766 620,766 620,765 621,765 621,764 622,764 622,763 623,763 623,762 624,762 624,761 625,761 625,760 626,760 626,759 627,759 627,758 629,758 629,757 630,757 630,756 631,756 631,755 632,755 632,754 633,754 633,753 634,753 634,751 635,751 635,750 636,750 636,749 637,749 637,748 638,748 638,747 639,747 639,746 640,746 640,745 641,745 641,744 642,744 642,743 643,743 643,742 644,742 644,741 645,741 645,740 647,740 647,739 648,739 648,737 649,737 649,736 650,736 650,735 651,735 651,734 652,734 652,733 653,733 653,732 654,732 654,731 655,731 655,730 657,730 657,728 658,728 658,727 659,727 659,726 660,726 660,724 661,724 661,723 662,723 662,722 663,722 663,720 664,720 664,719 665,719 665,718 666,718 666,717 667,717 667,715 668,715 668,713 671,713 671,712 671,713 682,713 682,739 707,739 707,740 709,740 709,766 909,766 909,765 910,765 910,764 911,764 911,763 912,763 912,762 913,762 913,761 914,761 914,760 915,760 915,758 916,758 916,757 917,757 917,756 918,756 918,755 919,755 919,754 920,754 920,753 921,753 921,752 922,752 922,751 923,751 923,750 924,750 924,748 925,748 925,747 926,747 926,746 928,746 928,744 929,744 929,743 930,743 930,742 931,742 931,740 932,740 932,739 933,739 933,738 934,738 934,737 935,737 935,735 936,735 936,734 937,734 937,733 938,733 938,732 939,732 939,731 940,731 940,730 941,730 941,729 942,729 942,728 943,728 943,726 944,726 944,725 945,725 945,723 946,723 946,722 947,722 947,721 948,721 948,719 949,719 949,717 950,717 950,716 951,716 951,715 952,715 952,713 953,713 953,712 954,712 954,711 989,711 989,710 990,710 990,709 1103,709 1103,708"/>
	<Word id="w157">
	<Coords points="310,709 310,741 366,741 366,742 367,742 367,767 452,767 452,768 552,768 552,779 551,779 551,780 549,780 549,781 547,781 547,782 545,782 545,783 543,783 543,784 541,784 541,785 540,785 540,809 539,809 539,810 538,810 538,811 537,811 537,813 536,813 536,815 535,815 535,817 534,817 534,818 533,818 533,819 532,819 532,820 521,820 521,808 404,808 404,809 403,809 403,811 402,811 402,814 401,814 401,815 400,815 400,817 399,817 399,819 398,819 398,821 397,821 397,823 396,823 396,825 395,825 395,827 394,827 394,828 393,828 393,830 392,830 392,831 391,831 391,834 390,834 390,835 389,835 389,837 388,837 388,839 387,839 387,841 386,841 386,842 385,842 385,844 384,844 384,846 383,846 383,847 382,847 382,849 381,849 381,850 380,850 380,852 379,852 379,853 378,853 378,855 376,855 376,856 375,856 375,858 374,858 374,859 373,859 373,860 372,860 372,861 370,861 370,862 369,862 369,863 366,863 366,864 349,864 349,862 348,862 348,809 225,809 225,811 224,811 224,812 223,812 223,813 222,813 222,815 221,815 221,816 220,816 220,818 219,818 219,819 218,819 218,821 217,821 217,823 216,823 216,825 215,825 215,827 214,827 214,828 213,828 213,829 212,829 212,831 211,831 211,833 210,833 210,835 209,835 209,837 208,837 208,838 207,838 207,840 206,840 206,842 205,842 205,843 204,843 204,846 203,846 203,847 202,847 202,849 201,849 201,851 200,851 200,852 199,852 199,854 198,854 198,856 197,856 197,857 196,857 196,859 195,859 195,861 194,861 194,862 193,862 193,864 191,864 191,865 179,865 179,864 177,864 177,862 176,862 176,852 177,852 177,851 178,851 178,850 179,850 179,847 180,847 180,846 181,846 181,844 182,844 182,842 183,842 183,794 185,794 185,793 186,793 186,792 187,792 187,791 189,791 189,790 190,790 190,789 192,789 192,788 193,788 193,787 194,787 194,786 195,786 195,785 197,785 197,784 198,784 198,783 199,783 199,782 200,782 200,781 201,781 201,780 203,780 203,779 204,779 204,778 205,778 205,777 206,777 206,776 207,776 207,775 208,775 208,774 209,774 209,773 210,773 210,772 212,772 212,771 213,771 213,770 214,770 214,769 215,769 215,768 216,768 216,767 218,767 218,766 219,766 219,765 220,765 220,764 221,764 221,763 222,763 222,762 223,762 223,761 224,761 224,760 225,760 225,759 226,759 226,758 227,758 227,757 228,757 228,756 229,756 229,754 231,754 231,753 232,753 232,752 233,752 233,750 234,750 234,749 235,749 235,748 237,748 237,746 238,746 238,745 240,745 240,743 241,743 241,742 242,742 242,741 243,741 243,740 244,740 244,739 245,739 245,738 246,738 246,737 247,737 247,736 248,736 248,735 249,735 249,734 250,734 250,733 251,733 251,731 252,731 252,730 253,730 253,729 254,729 254,728 255,728 255,727 256,727 256,726 257,726 257,725 258,725 258,724 259,724 259,723 260,723 260,721 261,721 261,720 262,720 262,719 263,719 263,717 264,717 264,716 265,716 265,715 266,715 266,713 267,713 267,712 268,712 268,711 269,711 269,710 299,710 299,709"/>
	<TextEquiv>
	<Unicode>ſteigen,</Unicode></TextEquiv></Word>
	<Word id="w186">
	<Coords points="682,710 682,739 707,739 707,740 709,740 709,766 825,766 825,767 826,767 826,768 852,768 852,769 878,769 878,780 876,780 876,781 873,781 873,782 872,782 872,783 870,783 870,784 869,784 869,785 867,785 867,786 866,786 866,809 865,809 865,811 864,811 864,812 863,812 863,813 862,813 862,815 861,815 861,816 860,816 860,818 859,818 859,819 847,819 847,807 671,807 671,808 614,808 604,802 613,782 617,763 648,711 594,733 550,813 548,858 550,860 558,859 599,800 605,795 617,769 617,768 618,768 618,767 619,767 619,766 620,766 620,765 621,765 621,764 622,764 622,763 623,763 623,762 624,762 624,761 625,761 625,760 626,760 626,759 627,759 627,758 629,758 629,757 630,757 630,756 631,756 631,755 632,755 632,754 633,754 633,753 634,753 634,751 635,751 635,750 636,750 636,749 637,749 637,748 638,748 638,747 639,747 639,746 640,746 640,745 641,745 641,744 642,744 642,743 643,743 643,742 644,742 644,741 645,741 645,740 647,740 647,739 648,739 648,737 649,737 649,736 650,736 650,735 651,735 651,734 652,734 652,733 653,733 653,732 654,732 654,731 655,731 655,730 657,730 657,728 658,728 658,727 659,727 659,726 660,726 660,724 661,724 661,723 662,723 662,722 663,722 663,720 664,720 664,719 665,719 665,718 666,718 666,717 667,717 667,715 668,715 668,713 669,713 669,711 670,711 670,710"/>
	<TextEquiv>
	<Unicode>ſtören,</Unicode></TextEquiv></Word>
	<Word id="w202">
	<Coords points="1113,708 1113,709 1115,709 1115,710 1116,710 1116,711 1117,711 1117,766 1231,766 1231,767 1232,767 1232,778 1231,778 1231,779 1229,779 1229,780 1227,780 1227,781 1225,781 1225,782 1224,782 1224,783 1222,783 1222,784 1220,784 1220,809 1219,809 1219,810 1218,810 1218,811 1217,811 1217,813 1216,813 1216,814 1215,814 1215,816 1214,816 1214,817 1213,817 1213,818 1212,818 1212,819 1200,819 1200,807 1061,807 1061,808 1045,808 1045,809 1044,809 1044,810 1043,810 1043,812 1042,812 1042,814 1041,814 1041,816 1040,816 1040,818 1039,818 1039,819 1038,819 1038,821 1037,821 1037,823 1036,823 1036,825 1035,825 1035,827 1034,827 1034,828 1033,828 1033,830 1032,830 1032,832 1031,832 1031,833 1030,833 1030,834 1029,834 1029,836 1028,836 1028,838 1027,838 1027,840 1026,840 1026,842 1025,842 1025,843 1024,843 1024,845 1023,845 1023,847 1022,847 1022,849 1021,849 1021,850 1020,850 1020,852 1019,852 1019,854 1018,854 1018,856 1017,856 1017,858 1016,858 1016,859 1015,859 1015,861 1014,861 1014,863 1013,863 1013,864 1012,864 1012,865 998,865 998,864 997,864 997,863 996,863 996,862 980,862 980,858 979,858 979,854 978,854 978,851 977,851 977,848 976,848 976,844 975,844 975,842 974,842 974,839 973,839 973,837 972,837 972,834 971,834 971,831 970,831 970,830 968,830 968,829 967,829 967,828 965,828 965,827 964,827 964,826 962,826 962,825 948,825 948,826 945,826 945,827 942,827 942,828 939,828 939,829 937,829 937,830 934,830 934,831 931,831 931,832 928,832 928,833 925,833 925,834 924,834 924,835 923,835 923,836 922,836 922,837 921,837 921,838 920,838 920,839 919,839 919,840 917,840 917,841 916,841 916,842 915,842 915,843 914,843 914,844 913,844 913,845 912,845 912,846 911,846 911,847 909,847 909,848 908,848 908,849 907,849 907,850 906,850 906,851 905,851 905,852 904,852 904,853 903,853 903,854 902,854 902,855 901,855 901,857 900,857 900,858 898,858 898,859 896,859 896,860 894,860 894,861 892,861 892,862 884,862 884,864 867,864 867,852 868,852 868,851 869,851 869,849 870,849 870,848 871,848 871,846 872,846 872,844 873,844 873,843 874,843 874,841 875,841 875,839 876,839 876,838 877,838 877,836 878,836 878,794 879,794 879,793 881,793 881,792 882,792 882,791 883,791 883,790 884,790 884,789 885,789 885,788 886,788 886,787 887,787 887,786 888,786 888,785 889,785 889,784 890,784 890,783 891,783 891,782 892,782 892,781 893,781 893,780 894,780 894,779 895,779 895,778 896,778 896,777 897,777 897,776 899,776 899,775 900,775 900,774 901,774 901,773 902,773 902,772 903,772 903,771 904,771 904,770 905,770 905,769 906,769 906,768 907,768 907,767 908,767 908,766 909,766 909,765 910,765 910,764 911,764 911,763 912,763 912,762 913,762 913,761 914,761 914,760 915,760 915,758 916,758 916,757 917,757 917,756 918,756 918,755 919,755 919,754 920,754 920,753 921,753 921,752 922,752 922,751 923,751 923,750 924,750 924,748 925,748 925,747 926,747 926,746 928,746 928,744 929,744 929,743 930,743 930,742 931,742 931,740 932,740 932,739 933,739 933,738 934,738 934,737 935,737 935,735 936,735 936,734 937,734 937,733 938,733 938,732 939,732 939,731 940,731 940,730 941,730 941,729 942,729 942,728 943,728 943,726 944,726 944,725 945,725 945,723 946,723 946,722 947,722 947,721 948,721 948,719 949,719 949,717 950,717 950,716 951,716 951,715 952,715 952,713 953,713 953,712 954,712 954,711 989,711 989,710 990,710 990,709 1103,709 1103,708"/>
	<TextEquiv>
	<Unicode>ſtoßen,</Unicode></TextEquiv></Word>
	<Word id="w218">
	<Coords points="1364,709 1364,739 1387,739 1387,740 1393,740 1393,741 1394,741 1394,766 1540,766 1540,765 1550,765 1550,766 1551,766 1551,767 1574,767 1574,770 1590,770 1590,780 1586,780 1586,783 1585,783 1585,784 1581,784 1581,787 1580,787 1580,805 1579,805 1579,807 1578,807 1578,809 1577,809 1577,811 1576,811 1576,812 1575,812 1575,814 1574,814 1574,815 1454,815 1454,817 1453,817 1453,820 1452,820 1452,822 1451,822 1451,823 1450,823 1450,825 1449,825 1449,827 1448,827 1448,829 1447,829 1447,831 1446,831 1446,833 1445,833 1445,835 1444,835 1444,837 1443,837 1443,838 1442,838 1442,840 1441,840 1441,842 1440,842 1440,843 1439,843 1439,845 1438,845 1438,846 1437,846 1437,848 1436,848 1436,849 1435,849 1435,851 1434,851 1434,852 1433,852 1433,854 1432,854 1432,855 1431,855 1431,856 1430,856 1430,857 1429,857 1429,858 1428,858 1428,859 1427,859 1427,860 1426,860 1426,861 1425,861 1425,862 1423,862 1423,863 1422,863 1422,864 1407,864 1407,863 1406,863 1406,861 1405,861 1405,858 1404,858 1404,806 1300,806 1300,805 1299,805 1299,804 1290,804 1244,861 1233,859 1262,804 1243,804 1243,793 1244,793 1244,792 1246,792 1246,791 1247,791 1247,790 1248,790 1248,789 1249,789 1249,788 1250,788 1250,787 1251,787 1251,785 1253,785 1253,784 1254,784 1254,783 1255,783 1255,782 1256,782 1256,781 1257,781 1257,780 1258,780 1258,779 1259,779 1259,778 1260,778 1260,777 1261,777 1261,776 1262,776 1262,775 1263,775 1263,774 1265,774 1265,773 1266,773 1266,772 1267,772 1267,771 1268,771 1268,770 1269,770 1269,769 1271,769 1271,766 1272,766 1272,765 1273,765 1273,764 1274,764 1274,763 1275,763 1275,762 1276,762 1276,761 1277,761 1277,760 1278,760 1278,759 1279,759 1279,758 1280,758 1280,756 1282,756 1282,754 1283,754 1283,753 1284,753 1284,752 1286,752 1286,750 1287,750 1287,749 1288,749 1288,748 1289,748 1289,746 1290,746 1290,745 1291,745 1291,744 1292,744 1292,743 1293,743 1293,742 1294,742 1294,741 1295,741 1295,740 1296,740 1296,739 1297,739 1297,737 1298,737 1298,736 1299,736 1299,734 1300,734 1300,733 1301,733 1301,732 1302,732 1302,731 1303,731 1303,730 1304,730 1304,729 1305,729 1305,728 1306,728 1306,726 1307,726 1307,725 1308,725 1308,724 1309,724 1309,723 1310,723 1310,721 1311,721 1311,720 1312,720 1312,719 1313,719 1313,717 1314,717 1314,716 1315,716 1315,714 1316,714 1316,713 1317,713 1317,711 1318,711 1318,710 1353,710 1353,709"/>
	<TextEquiv>
	<Unicode>ſtürzen,</Unicode></TextEquiv></Word>
	<TextEquiv>
	<Unicode>ſteigen, ſtören, ſtoßen, ſtürzen,</Unicode></TextEquiv></TextLine>
	<TextLine id="l7">
	<Coords points="1470,852 1470,853 1472,853 1472,854 1473,854 1473,915 1479,915 1479,917 1502,917 1502,936 1516,936 1516,949 1514,949 1514,950 1465,950 1465,951 1464,951 1464,952 1463,952 1463,953 1462,953 1462,954 1408,954 1408,955 1407,955 1407,958 1406,958 1406,960 1405,960 1405,962 1404,962 1404,963 1403,963 1403,965 1402,965 1402,967 1401,967 1401,969 1400,969 1400,970 1399,970 1399,971 1398,971 1398,973 1397,973 1397,975 1396,975 1396,977 1395,977 1395,978 1394,978 1394,980 1393,980 1393,981 1392,981 1392,983 1391,983 1391,985 1390,985 1390,987 1389,987 1389,989 1388,989 1388,991 1387,991 1387,992 1386,992 1386,995 1385,995 1385,996 1384,996 1384,997 1383,997 1383,999 1382,999 1382,1001 1381,1001 1381,1004 1380,1004 1380,1006 1379,1006 1379,1008 1377,1008 1377,1009 1362,1009 1362,967 1123,967 1123,966 1122,966 1122,958 812,958 812,959 811,959 811,960 810,960 810,962 809,962 809,963 808,963 808,964 807,964 807,965 806,965 806,966 805,966 805,967 795,967 795,957 555,957 555,958 554,958 554,960 553,960 553,962 552,962 552,963 551,963 551,964 550,964 550,966 549,966 549,967 548,967 548,968 547,968 547,969 509,969 509,971 508,971 508,972 507,972 507,974 506,974 506,975 505,975 505,977 504,977 504,979 503,979 503,980 502,980 502,983 501,983 501,985 500,985 500,987 499,987 499,989 498,989 498,990 497,990 497,992 496,992 496,993 495,993 495,995 494,995 494,996 493,996 493,997 492,997 492,999 491,999 491,1000 490,1000 490,1002 489,1002 489,1003 488,1003 488,1004 487,1004 487,1005 486,1005 486,1006 485,1006 485,1007 484,1007 484,1008 482,1008 482,1009 481,1009 481,1010 479,1010 479,1011 476,1011 476,1012 464,1012 464,1011 463,1011 463,1008 462,1008 462,956 252,956 252,955 210,955 210,954 209,954 209,952 208,952 208,938 209,938 209,934 210,934 210,932 211,932 211,930 212,930 212,928 213,928 213,927 214,927 214,925 215,925 215,923 216,923 216,922 217,922 217,920 218,920 218,918 219,918 219,917 220,917 220,916 221,916 221,915 222,915 222,913 223,913 223,912 224,912 224,911 225,911 225,882 226,882 226,881 228,881 228,879 230,879 230,878 231,878 231,877 232,877 232,876 233,876 233,875 234,875 234,874 235,874 235,873 236,873 236,872 237,872 237,871 239,871 239,870 240,870 240,869 241,869 241,868 243,868 243,867 245,867 245,866 246,866 246,865 247,865 247,864 249,864 249,863 251,863 251,862 252,862 252,861 253,861 253,860 254,860 254,859 257,859 257,858 259,858 259,857 260,857 260,856 263,856 263,855 265,855 265,854 276,854 276,855 320,855 320,857 321,857 321,868 349,868 349,869 350,869 350,870 351,870 351,871 352,871 352,872 353,872 353,873 354,873 354,874 361,874 361,873 366,873 366,872 371,872 371,871 377,871 377,870 382,870 382,869 387,869 387,868 496,868 496,869 506,869 506,870 516,870 516,871 526,871 526,872 538,872 538,871 540,871 540,870 541,870 541,869 543,869 543,868 553,868 553,867 554,867 554,865 555,865 555,864 556,864 556,863 557,863 557,862 558,862 558,861 559,861 559,859 560,859 560,858 562,858 562,857 563,857 563,856 564,856 564,855 566,855 566,854 742,854 742,855 746,855 746,856 751,856 751,857 756,857 756,858 760,858 760,859 765,859 765,860 770,860 770,861 774,861 774,862 779,862 779,863 783,863 783,864 788,864 788,865 793,865 793,866 797,866 797,867 802,867 802,868 807,868 807,869 811,869 811,870 816,870 816,871 820,871 820,872 825,872 825,873 830,873 830,874 834,874 834,875 839,875 839,876 847,876 847,875 850,875 850,874 853,874 853,873 856,873 856,872 859,872 859,871 863,871 863,870 866,870 866,869 869,869 869,868 872,868 872,867 875,867 875,866 879,866 879,865 882,865 882,864 885,864 885,863 888,863 888,862 891,862 891,861 894,861 894,860 898,860 898,859 901,859 901,858 904,858 904,857 907,857 907,856 910,856 910,855 914,855 914,854 917,854 917,853 923,853 923,854 967,854 967,855 979,855 979,857 980,857 980,858 981,858 981,859 982,859 982,860 983,860 983,862 984,862 984,863 985,863 985,864 986,864 986,866 987,866 987,867 988,867 988,868 989,868 989,869 990,869 990,871 991,871 991,872 992,872 992,873 993,873 993,875 994,875 994,876 995,876 995,877 999,877 999,876 1000,876 1000,875 1002,875 1002,874 1003,874 1003,873 1005,873 1005,872 1006,872 1006,871 1008,871 1008,870 1010,870 1010,869 1011,869 1011,868 1013,868 1013,867 1014,867 1014,866 1016,866 1016,865 1017,865 1017,864 1019,864 1019,863 1020,863 1020,862 1022,862 1022,861 1024,861 1024,860 1047,860 1047,859 1070,859 1070,858 1093,858 1093,857 1117,857 1117,856 1140,856 1140,855 1147,855 1147,856 1148,856 1148,879 1436,879 1436,878 1437,878 1437,876 1438,876 1438,874 1439,874 1439,873 1440,873 1440,871 1441,871 1441,870 1442,870 1442,869 1443,869 1443,867 1444,867 1444,866 1445,866 1445,864 1446,864 1446,863 1447,863 1447,862 1448,862 1448,861 1449,861 1449,860 1450,860 1450,858 1452,858 1452,857 1453,857 1453,856 1454,856 1454,855 1455,855 1455,854 1456,854 1456,853 1457,853 1457,852"/>
	<Word id="w158">
	<Coords points="276,854 276,855 320,855 320,857 321,857 321,913 438,913 438,890 439,890 439,888 440,888 440,886 441,886 441,885 541,885 541,884 542,884 542,882 543,882 543,881 544,881 544,880 545,880 545,878 546,878 546,877 547,877 547,875 548,875 548,874 549,874 549,872 550,872 550,871 551,871 551,869 552,869 552,868 553,868 553,867 554,867 554,865 555,865 555,864 556,864 556,863 557,863 557,862 558,862 558,861 559,861 559,859 560,859 560,858 562,858 562,857 563,857 563,856 564,856 564,855 566,855 566,854 579,854 579,855 580,855 580,868 579,868 579,871 578,871 578,873 577,873 577,874 576,874 576,876 575,876 575,878 574,878 574,880 573,880 573,881 572,881 572,882 571,882 571,883 570,883 570,885 569,885 569,886 568,886 568,887 567,887 567,889 566,889 566,890 565,890 565,891 564,891 564,893 563,893 563,894 561,894 561,925 560,925 560,927 558,927 558,928 557,928 557,954 556,954 556,956 555,956 555,958 554,958 554,960 553,960 553,962 552,962 552,963 551,963 551,964 550,964 550,966 549,966 549,967 548,967 548,968 547,968 547,969 509,969 509,971 508,971 508,972 507,972 507,974 506,974 506,975 505,975 505,977 504,977 504,979 503,979 503,980 502,980 502,983 501,983 501,985 500,985 500,987 499,987 499,989 498,989 498,990 497,990 497,992 496,992 496,993 495,993 495,995 494,995 494,996 493,996 493,997 492,997 492,999 491,999 491,1000 490,1000 490,1002 489,1002 489,1003 488,1003 488,1004 487,1004 487,1005 486,1005 486,1006 485,1006 485,1007 484,1007 484,1008 482,1008 482,1009 481,1009 481,1010 479,1010 479,1011 476,1011 476,1012 464,1012 464,1011 463,1011 463,1008 462,1008 462,956 252,956 252,955 210,955 210,954 209,954 209,952 208,952 208,938 209,938 209,934 210,934 210,932 211,932 211,930 212,930 212,928 213,928 213,927 214,927 214,925 215,925 215,923 216,923 216,922 217,922 217,920 218,920 218,918 219,918 219,917 220,917 220,916 221,916 221,915 222,915 222,913 223,913 223,912 224,912 224,911 225,911 225,882 226,882 226,881 228,881 228,879 230,879 230,878 231,878 231,877 232,877 232,876 233,876 233,875 234,875 234,874 235,874 235,873 236,873 236,872 237,872 237,871 239,871 239,870 240,870 240,869 241,869 241,868 243,868 243,867 245,867 245,866 246,866 246,865 247,865 247,864 249,864 249,863 251,863 251,862 252,862 252,861 253,861 253,860 254,860 254,859 257,859 257,858 259,858 259,857 260,857 260,856 263,856 263,855 265,855 265,854"/>
	<TextEquiv>
	<Unicode>Strauch,</Unicode></TextEquiv></Word>
	<Word id="w171">
	<Coords points="712,854 712,913 795,913 795,914 796,914 796,916 812,916 812,942 813,942 813,958 812,958 812,959 811,959 811,960 810,960 810,962 809,962 809,963 808,963 808,964 807,964 807,965 806,965 806,966 805,966 805,967 795,967 795,957 645,957 645,956 644,956 644,955 604,955 604,954 603,954 603,953 602,953 602,952 601,952 601,949 600,949 600,937 601,937 601,934 602,934 602,932 603,932 603,929 604,929 604,927 605,927 605,926 606,926 606,924 607,924 607,923 608,923 608,922 609,922 609,920 610,920 610,919 611,919 611,917 612,917 612,915 613,915 613,914 614,914 614,913 615,913 615,882 616,882 616,881 617,881 617,880 618,880 618,879 619,879 619,877 620,877 620,876 621,876 621,875 622,875 622,874 623,874 623,873 625,873 625,872 626,872 626,871 627,871 627,870 628,870 628,869 629,869 629,868 630,868 630,867 631,867 631,866 632,866 632,865 634,865 634,864 635,864 635,863 637,863 637,862 639,862 639,861 640,861 640,860 642,860 642,859 643,859 643,858 644,858 644,857 646,857 646,856 649,856 649,855 652,855 652,854"/>
	<TextEquiv>
	<Unicode>Star,</Unicode></TextEquiv></Word>
	<Word id="w185">
	<Coords points="923,853 923,854 967,854 967,887 1110,887 1110,886 1111,886 1111,885 1112,885 1112,884 1113,884 1113,883 1114,883 1114,882 1115,882 1115,881 1116,881 1116,879 1117,879 1117,878 1118,878 1118,877 1120,877 1120,875 1121,875 1121,874 1122,874 1122,873 1123,873 1123,872 1124,872 1124,871 1125,871 1125,870 1126,870 1126,869 1127,869 1127,867 1128,867 1128,866 1129,866 1129,865 1130,865 1130,863 1131,863 1131,862 1132,862 1132,860 1133,860 1133,859 1134,859 1134,857 1135,857 1135,856 1136,856 1136,855 1147,855 1147,856 1148,856 1148,866 1147,866 1147,867 1146,867 1146,869 1145,869 1145,870 1144,870 1144,872 1143,872 1143,873 1142,873 1142,875 1141,875 1141,877 1140,877 1140,957 1139,957 1139,959 1138,959 1138,961 1137,961 1137,962 1136,962 1136,964 1135,964 1135,965 1134,965 1134,966 1133,966 1133,967 1123,967 1123,966 1122,966 1122,957 1003,957 1003,958 988,958 988,957 954,957 954,956 861,956 861,955 858,955 858,954 857,954 857,953 856,953 856,952 855,952 855,937 856,937 856,934 857,934 857,931 858,931 858,929 859,929 859,926 860,926 860,925 861,925 861,923 862,923 862,922 863,922 863,920 864,920 864,918 865,918 865,917 866,917 866,882 867,882 867,881 868,881 868,880 869,880 869,879 871,879 871,878 872,878 872,877 873,877 873,876 874,876 874,875 875,875 875,874 876,874 876,873 878,873 878,871 880,871 880,870 881,870 881,869 882,869 882,868 884,868 884,867 885,867 885,866 887,866 887,865 888,865 888,864 889,864 889,863 891,863 891,862 892,862 892,861 893,861 893,860 898,860 898,859 900,859 900,858 902,858 902,857 904,857 904,856 906,856 906,855 909,855 909,854 912,854 912,853"/>
	<TextEquiv>
	<Unicode>Streit,</Unicode></TextEquiv></Word>
	<Word id="w234">
	<Coords points="1470,852 1470,853 1472,853 1472,854 1473,854 1473,915 1479,915 1479,917 1502,917 1502,936 1516,936 1516,949 1514,949 1514,950 1465,950 1465,951 1464,951 1464,952 1463,952 1463,953 1462,953 1462,954 1408,954 1408,955 1407,955 1407,958 1406,958 1406,960 1405,960 1405,962 1404,962 1404,963 1403,963 1403,965 1402,965 1402,967 1401,967 1401,969 1400,969 1400,970 1399,970 1399,971 1398,971 1398,973 1397,973 1397,975 1396,975 1396,977 1395,977 1395,978 1394,978 1394,980 1393,980 1393,981 1392,981 1392,983 1391,983 1391,985 1390,985 1390,987 1389,987 1389,989 1388,989 1388,991 1387,991 1387,992 1386,992 1386,995 1385,995 1385,996 1384,996 1384,997 1383,997 1383,999 1382,999 1382,1001 1381,1001 1381,1004 1380,1004 1380,1006 1379,1006 1379,1008 1377,1008 1377,1009 1362,1009 1362,955 1321,955 1321,954 1319,954 1319,953 1318,953 1318,952 1317,952 1317,949 1316,949 1316,943 1283,954 1250,955 1186,955 1173,945 1209,895 1185,895 1185,883 1186,883 1186,882 1187,882 1187,881 1188,881 1188,880 1203,872 1222,855 1286,856 1293,860 1277,889 1436,879 1436,878 1437,878 1437,876 1438,876 1438,874 1439,874 1439,873 1440,873 1440,871 1441,871 1441,870 1442,870 1442,869 1443,869 1443,867 1444,867 1444,866 1445,866 1445,864 1446,864 1446,863 1447,863 1447,862 1448,862 1448,861 1449,861 1449,860 1450,860 1450,858 1452,858 1452,857 1453,857 1453,856 1454,856 1454,855 1455,855 1455,854 1456,854 1456,853 1457,853 1457,852"/>
	<TextEquiv>
	<Unicode>Strafe.</Unicode></TextEquiv></Word>
	<TextEquiv>
	<Unicode>Strauch, Star, Streit, Strafe.</Unicode></TextEquiv></TextLine>
	<TextEquiv>
	<Unicode>Auf dem Spielplatze.
Spielzeug, Spaten, Spatz, Spaß,
ſpielen, ſpringen, Stock, Stein,
ſteigen, ſtören, ſtoßen, ſtürzen,
Strauch, Star, Streit, Strafe.</Unicode></TextEquiv></TextRegion>
	<ImageRegion id="r3">
	<Coords points="495,1064 495,1065 498,1065 498,1066 502,1066 502,1067 503,1067 503,1068 506,1068 506,1069 521,1069 521,1070 523,1070 523,1071 527,1071 527,1072 529,1072 529,1073 533,1073 533,1074 535,1074 535,1075 537,1075 537,1076 538,1076 538,1077 539,1077 539,1078 540,1078 540,1079 541,1079 541,1081 542,1081 542,1082 543,1082 543,1085 544,1085 544,1087 545,1087 545,1088 546,1088 546,1090 547,1090 547,1091 548,1091 548,1092 550,1092 550,1093 551,1093 551,1095 552,1095 552,1097 553,1097 553,1100 554,1100 554,1101 555,1101 555,1102 556,1102 556,1105 557,1105 557,1109 558,1109 558,1112 559,1112 559,1120 560,1120 560,1130 561,1130 561,1133 675,1133 675,1132 698,1132 698,1131 699,1131 699,1129 700,1129 700,1128 701,1128 701,1127 715,1127 715,1128 716,1128 716,1129 723,1129 723,1130 727,1130 727,1131 730,1131 730,1132 732,1132 732,1133 733,1133 733,1134 734,1134 734,1135 735,1135 735,1136 736,1136 736,1145 737,1145 737,1156 738,1156 738,1159 739,1159 739,1161 740,1161 740,1169 741,1169 741,1181 740,1181 740,1184 739,1184 739,1187 738,1187 738,1190 737,1190 737,1193 736,1193 736,1197 735,1197 735,1198 734,1198 734,1200 733,1200 733,1201 732,1201 732,1204 731,1204 731,1207 730,1207 730,1209 729,1209 729,1213 728,1213 728,1220 727,1220 727,1224 726,1224 726,1226 725,1226 725,1228 724,1228 724,1229 722,1229 722,1230 720,1230 720,1356 721,1356 721,1381 722,1381 722,1390 723,1390 723,1391 733,1391 733,1392 742,1392 742,1393 748,1393 748,1394 750,1394 750,1395 755,1395 755,1396 757,1396 757,1397 758,1397 758,1401 760,1401 760,1402 765,1402 765,1403 766,1403 766,1446 768,1446 768,1447 769,1447 769,1458 715,1458 715,1459 714,1459 714,1460 652,1460 652,1501 651,1501 651,1505 650,1505 650,1509 649,1509 649,1512 648,1512 648,1515 647,1515 647,1516 646,1516 646,1518 645,1518 645,1519 644,1519 644,1520 643,1520 643,1521 642,1521 642,1522 641,1522 641,1523 640,1523 640,1524 638,1524 638,1525 637,1525 637,1526 636,1526 636,1527 635,1527 635,1528 634,1528 634,1529 633,1529 633,1530 630,1530 630,1531 628,1531 628,1532 626,1532 626,1533 623,1533 623,1534 622,1534 622,1535 620,1535 620,1536 619,1536 619,1537 618,1537 618,1556 617,1556 617,1557 616,1557 616,1560 615,1560 615,1562 614,1562 614,1564 613,1564 613,1566 612,1566 612,1568 611,1568 611,1569 609,1569 609,1570 608,1570 608,1572 607,1572 607,1574 606,1574 606,1575 605,1575 605,1576 604,1576 604,1577 602,1577 602,1578 600,1578 600,1579 586,1579 586,1578 581,1578 581,1577 579,1577 579,1576 577,1576 577,1575 575,1575 575,1574 574,1574 574,1573 573,1573 573,1570 572,1570 572,1565 571,1565 571,1564 482,1564 482,1563 481,1563 481,1536 396,1536 396,1535 394,1535 394,1534 393,1534 393,1533 390,1533 390,1532 388,1532 388,1523 374,1523 374,1508 362,1508 362,1507 355,1507 355,1503 346,1503 346,1499 338,1499 338,1486 325,1486 325,1485 315,1485 315,1484 305,1484 305,1464 183,1464 183,1463 181,1463 181,1451 183,1451 183,1450 186,1450 186,1449 217,1449 217,1448 218,1448 218,1447 220,1447 220,1446 221,1446 221,1445 223,1445 223,1443 225,1443 225,1442 226,1442 226,1428 227,1428 227,1427 229,1427 229,1426 232,1426 232,1425 235,1425 235,1424 238,1424 238,1423 241,1423 241,1422 242,1422 242,1421 243,1421 243,1419 244,1419 244,1418 245,1418 245,1416 246,1416 246,1415 247,1415 247,1413 248,1413 248,1412 249,1412 249,1411 250,1411 250,1410 251,1410 251,1409 254,1409 254,1408 258,1408 258,1407 262,1407 262,1406 269,1406 269,1405 276,1405 276,1404 281,1404 281,1403 285,1403 285,1402 288,1402 288,1401 294,1401 294,1400 297,1400 297,1399 305,1399 305,1398 313,1398 313,1397 321,1397 321,1396 322,1396 322,1394 323,1394 323,1392 324,1392 324,1390 325,1390 325,1388 326,1388 326,1386 327,1386 327,1364 328,1364 328,1359 329,1359 329,1357 330,1357 330,1355 331,1355 331,1354 332,1354 332,1352 333,1352 333,1351 334,1351 334,1350 335,1350 335,1349 336,1349 336,1348 337,1348 337,1347 339,1347 339,1346 340,1346 340,1345 341,1345 341,1344 343,1344 343,1343 345,1343 345,1342 346,1342 346,1341 347,1341 347,1340 348,1340 348,1339 350,1339 350,1338 351,1338 351,1337 352,1337 352,1336 353,1336 353,1335 354,1335 354,1334 356,1334 356,1333 357,1333 357,1332 359,1332 359,1331 360,1331 360,1330 361,1330 361,1329 362,1329 362,1328 363,1328 363,1326 364,1326 364,1325 365,1325 365,1324 366,1324 366,1322 367,1322 367,1321 368,1321 368,1320 370,1320 370,1319 371,1319 371,1318 372,1318 372,1317 373,1317 373,1316 374,1316 374,1315 375,1315 375,1314 376,1314 376,1312 377,1312 377,1311 378,1311 378,1309 379,1309 379,1308 380,1308 380,1307 381,1307 381,1303 382,1303 382,1287 383,1287 383,1283 384,1283 384,1278 385,1278 385,1276 386,1276 386,1273 387,1273 387,1270 388,1270 388,1230 389,1230 389,1227 390,1227 390,1224 391,1224 391,1223 392,1223 392,1222 393,1222 393,1221 395,1221 395,1220 396,1220 396,1219 397,1219 397,1218 398,1218 398,1217 399,1217 399,1216 400,1216 400,1215 401,1215 401,1201 402,1201 402,1198 403,1198 403,1195 404,1195 404,1194 405,1194 405,1193 407,1193 407,1192 421,1192 421,1114 422,1114 422,1108 423,1108 423,1105 424,1105 424,1104 425,1104 425,1103 426,1103 426,1101 427,1101 427,1100 428,1100 428,1098 429,1098 429,1095 430,1095 430,1094 431,1094 431,1093 432,1093 432,1092 433,1092 433,1091 434,1091 434,1090 435,1090 435,1086 436,1086 436,1085 441,1085 441,1084 442,1084 442,1083 444,1083 444,1081 445,1081 445,1078 446,1078 446,1076 447,1076 447,1075 448,1075 448,1074 449,1074 449,1073 450,1073 450,1072 451,1072 451,1071 455,1071 455,1070 474,1070 474,1069 475,1069 475,1067 477,1067 477,1066 479,1066 479,1065 481,1065 481,1064"/></ImageRegion>
	<TextRegion id="r4" type="paragraph">
	<Coords points="959,1036 959,1038 1157,1038 1157,1039 1296,1039 1296,1040 1470,1040 1470,1039 1495,1039 1495,1040 1511,1040 1511,1049 1562,1049 1562,1050 1579,1050 1579,1051 1587,1051 1587,1065 1588,1065 1588,1135 1590,1135 1590,1146 1589,1146 1589,1147 1588,1147 1588,1367 1589,1367 1589,1481 1591,1481 1591,1482 1592,1482 1592,1496 1591,1496 1591,1608 1592,1608 1592,1667 1593,1667 1593,1797 1594,1797 1594,1799 1595,1799 1595,1809 1594,1809 1594,1822 1593,1822 1593,1975 1594,1975 1594,2087 1595,2087 1595,2174 1594,2174 1594,2299 1593,2299 1593,2317 1591,2317 1591,2318 1590,2318 1590,2319 1588,2319 1588,2320 1497,2320 1497,2329 1496,2329 1496,2330 1486,2330 1486,2329 1485,2329 1485,2319 1341,2319 1341,2320 1317,2320 1317,2319 1119,2319 1119,2321 1118,2321 1118,2322 1117,2322 1117,2323 1116,2323 1116,2324 1115,2324 1115,2325 1114,2325 1114,2326 1113,2326 1113,2327 1112,2327 1112,2328 1101,2328 1101,2318 1088,2318 1088,2317 892,2317 892,2316 645,2316 645,2319 644,2319 644,2325 632,2325 632,2323 565,2323 565,2314 445,2314 445,2316 444,2316 444,2317 443,2317 443,2319 442,2319 442,2320 441,2320 441,2321 440,2321 440,2322 439,2322 439,2323 349,2323 349,2372 348,2372 348,2373 318,2373 318,2375 317,2375 317,2377 316,2377 316,2379 315,2379 315,2380 314,2380 314,2381 312,2381 312,2382 302,2382 302,2383 292,2383 292,2382 291,2382 291,2373 256,2373 256,2372 187,2372 187,2371 184,2371 184,2370 182,2370 182,2369 180,2369 180,2368 179,2368 179,2367 177,2367 177,2365 176,2365 176,2364 175,2364 175,2362 174,2362 174,2359 173,2359 173,2356 172,2356 172,2225 171,2225 171,2215 172,2215 172,2167 173,2167 173,2159 174,2159 174,2034 173,2034 173,1939 172,1939 172,1919 171,1919 171,1907 172,1907 172,1728 173,1728 173,1727 174,1727 174,1659 175,1659 175,1656 176,1656 176,1655 177,1655 177,1653 178,1653 178,1652 179,1652 179,1651 180,1651 180,1650 181,1650 181,1649 182,1649 182,1648 185,1648 185,1647 283,1647 283,1593 284,1593 284,1592 285,1592 285,1591 286,1591 286,1590 287,1590 287,1589 288,1589 288,1588 289,1588 289,1587 291,1587 291,1586 411,1586 411,1587 606,1587 606,1588 608,1588 608,1589 649,1589 649,1590 809,1590 809,1483 810,1483 810,1482 811,1482 811,1431 812,1431 812,1297 811,1297 811,1286 812,1286 812,1162 813,1162 813,1161 814,1161 814,1100 815,1100 815,1099 816,1099 816,1098 916,1098 916,1047 917,1047 917,1041 918,1041 918,1040 919,1040 919,1039 920,1039 920,1038 921,1038 921,1037 923,1037 923,1036"/>
	<TextLine id="l1">
	<Coords points="921,1041 996,1041 996,1043 1242,1043 1242,1044 1368,1044 1368,1045 1470,1045 1470,1044 1511,1044 1511,1054 1584,1054 1584,1083 1511,1083 1511,1095 1470,1095 1470,1084 1368,1084 1368,1095 1256,1095 1256,1094 1132,1094 1132,1082 996,1082 996,1093 921,1093"/>
	<Word id="w2">
	<Coords points="921,1041 996,1041 996,1093 921,1093"/>
	<TextEquiv conf="0.96248">
	<Unicode>Auf</Unicode></TextEquiv></Word>
	<Word id="w3">
	<Coords points="1025,1043 1101,1043 1101,1082 1025,1082"/>
	<TextEquiv conf="0.96434">
	<Unicode>dem</Unicode></TextEquiv></Word>
	<Word id="w4">
	<Coords points="1132,1043 1242,1043 1242,1044 1368,1044 1368,1095 1256,1095 1256,1094 1132,1094"/>
	<TextEquiv conf="0.91817">
	<Unicode>Spielplatze,</Unicode></TextEquiv></Word>
	<Word id="w6">
	<Coords points="1396,1045 1443,1045 1443,1084 1396,1084"/>
	<TextEquiv conf="0.96137">
	<Unicode>da</Unicode></TextEquiv></Word>
	<Word id="w7">
	<Coords points="1470,1044 1511,1044 1511,1095 1470,1095"/>
	<TextEquiv conf="0.90281">
	<Unicode>iſt</Unicode></TextEquiv></Word>
	<Word id="w8">
	<Coords points="1546,1054 1584,1054 1584,1083 1546,1083"/>
	<TextEquiv conf="0.93760">
	<Unicode>es</Unicode></TextEquiv></Word>
	<TextEquiv conf="0.91963">
	<Unicode>Auf dem Spielplatze, da iſt es</Unicode></TextEquiv></TextLine>
	<TextLine id="l9">
	<Coords points="819,1103 924,1103 924,1104 1058,1104 1058,1105 1242,1105 1242,1106 1586,1106 1586,1156 1426,1156 1426,1145 1242,1145 1242,1155 1105,1155 1105,1144 924,1144 924,1153 819,1153"/>
	<Word id="w10">
	<Coords points="819,1103 924,1103 924,1153 819,1153"/>
	<TextEquiv conf="0.00000">
	<Unicode>ſchön.</Unicode></TextEquiv></Word>
	<Word id="w11">
	<Coords points="996,1104 1058,1104 1058,1144 996,1144"/>
	<TextEquiv conf="0.96411">
	<Unicode>Da</Unicode></TextEquiv></Word>
	<Word id="w12">
	<Coords points="1105,1105 1242,1105 1242,1155 1105,1155"/>
	<TextEquiv conf="0.90726">
	<Unicode>laufen</Unicode></TextEquiv></Word>
	<Word id="w13">
	<Coords points="1300,1106 1371,1106 1371,1145 1300,1145"/>
	<TextEquiv conf="0.96060">
	<Unicode>und</Unicode></TextEquiv></Word>
	<Word id="w14">
	<Coords points="1426,1106 1586,1106 1586,1156 1426,1156"/>
	<TextEquiv conf="0.95077">
	<Unicode>ſpringen</Unicode></TextEquiv></Word>
	<TextEquiv conf="0.72331">
	<Unicode>ſchön. Da laufen und ſpringen</Unicode></TextEquiv></TextLine>
	<TextLine id="l15">
	<Coords points="817,1165 870,1165 870,1166 1188,1166 1188,1167 1330,1167 1330,1168 1584,1168 1584,1207 1223,1207 1223,1206 1129,1206 1129,1205 817,1205"/>
	<Word id="w16">
	<Coords points="817,1165 870,1165 870,1205 817,1205"/>
	<TextEquiv conf="0.96570">
	<Unicode>die</Unicode></TextEquiv></Word>
	<Word id="w17">
	<Coords points="907,1166 1053,1166 1053,1205 907,1205"/>
	<TextEquiv conf="0.96444">
	<Unicode>Kinder</Unicode></TextEquiv></Word>
	<Word id="w19">
	<Coords points="1129,1166 1188,1166 1188,1206 1129,1206 1129,1205 1088,1205 1088,1168 1129,1168"/>
	<TextEquiv conf="0.86685">
	<Unicode>über</Unicode></TextEquiv></Word>
	<Word id="w21">
	<Coords points="1223,1167 1330,1167 1330,1207 1223,1207"/>
	<TextEquiv conf="0.91702">
	<Unicode>Stock</Unicode></TextEquiv></Word>
	<Word id="w22">
	<Coords points="1361,1168 1431,1168 1431,1207 1361,1207"/>
	<TextEquiv conf="0.96741">
	<Unicode>und</Unicode></TextEquiv></Word>
	<Word id="w23">
	<Coords points="1462,1168 1584,1168 1584,1207 1462,1207"/>
	<TextEquiv conf="0.95693">
	<Unicode>Stein.</Unicode></TextEquiv></Word>
	<TextEquiv conf="0.93749">
	<Unicode>die Kinder über Stock und Stein.</Unicode></TextEquiv></TextLine>
	<TextLine id="l24">
	<Coords points="819,1227 988,1227 988,1238 1116,1238 1116,1228 1203,1228 1203,1229 1289,1229 1289,1240 1419,1240 1419,1229 1485,1229 1485,1240 1584,1240 1584,1268 1401,1268 1401,1279 1336,1279 1336,1268 1116,1268 1116,1267 819,1267"/>
	<Word id="w25">
	<Coords points="819,1227 888,1227 888,1267 819,1267"/>
	<TextEquiv conf="0.96874">
	<Unicode>Die</Unicode></TextEquiv></Word>
	<Word id="w26">
	<Coords points="930,1227 988,1227 988,1238 1074,1238 1074,1267 930,1267"/>
	<TextEquiv conf="0.72295">
	<Unicode>kleinen</Unicode></TextEquiv></Word>
	<Word id="w28">
	<Coords points="1116,1228 1203,1228 1203,1229 1289,1229 1289,1268 1116,1268"/>
	<TextEquiv conf="0.92688">
	<Unicode>Knaben</Unicode></TextEquiv></Word>
	<Word id="w30">
	<Coords points="1419,1229 1485,1229 1485,1268 1401,1268 1401,1279 1336,1279 1336,1240 1419,1240"/>
	<TextEquiv conf="0.96634">
	<Unicode>graben</Unicode></TextEquiv></Word>
	<Word id="w32">
	<Coords points="1527,1240 1584,1240 1584,1268 1527,1268"/>
	<TextEquiv conf="0.95905">
	<Unicode>am</Unicode></TextEquiv></Word>
	<TextEquiv conf="0.92600">
	<Unicode>Die kleinen Knaben graben am</Unicode></TextEquiv></TextLine>
	<TextLine id="l33">
	<Coords points="816,1288 882,1288 882,1289 1159,1289 1159,1290 1495,1290 1495,1291 1582,1291 1582,1330 1337,1330 1337,1340 1182,1340 1182,1329 963,1329 963,1340 895,1340 895,1328 816,1328"/>
	<Word id="w34">
	<Coords points="816,1288 882,1288 882,1289 963,1289 963,1340 895,1340 895,1328 816,1328"/>
	<TextEquiv conf="0.72461">
	<Unicode>liebſten</Unicode></TextEquiv></Word>
	<Word id="w36">
	<Coords points="990,1289 1052,1289 1052,1329 990,1329"/>
	<TextEquiv conf="0.96069">
	<Unicode>mit</Unicode></TextEquiv></Word>
	<Word id="w37">
	<Coords points="1082,1289 1159,1289 1159,1329 1082,1329"/>
	<TextEquiv conf="0.96245">
	<Unicode>dem</Unicode></TextEquiv></Word>
	<Word id="w38">
	<Coords points="1182,1290 1337,1290 1337,1340 1182,1340"/>
	<TextEquiv conf="0.76430">
	<Unicode>Spaten</Unicode></TextEquiv></Word>
	<Word id="w39">
	<Coords points="1364,1290 1410,1290 1410,1330 1364,1330"/>
	<TextEquiv conf="0.96519">
	<Unicode>im</Unicode></TextEquiv></Word>
	<Word id="w40">
	<Coords points="1432,1290 1495,1290 1495,1291 1582,1291 1582,1330 1432,1330"/>
	<TextEquiv conf="0.96596">
	<Unicode>Sande.</Unicode></TextEquiv></Word>
	<TextEquiv conf="0.87922">
	<Unicode>liebſten mit dem Spaten im Sande.</Unicode></TextEquiv></TextLine>
	<TextLine id="l42">
	<Coords points="818,1350 887,1350 887,1361 989,1361 989,1350 1062,1350 1062,1351 1299,1351 1299,1362 1411,1362 1411,1352 1585,1352 1585,1402 1514,1402 1514,1391 1378,1391 1378,1402 1314,1402 1314,1391 1184,1391 1184,1402 1152,1402 1152,1399 989,1399 989,1390 818,1390"/>
	<Word id="w43">
	<Coords points="818,1350 887,1350 887,1390 818,1390"/>
	<TextEquiv conf="0.95935">
	<Unicode>Sie</Unicode></TextEquiv></Word>
	<Word id="w44">
	<Coords points="989,1350 1062,1350 1062,1399 989,1399 989,1390 915,1390 915,1361 989,1361"/>
	<TextEquiv conf="0.95935">
	<Unicode>machen</Unicode></TextEquiv></Word>
	<Word id="w46">
	<Coords points="1092,1351 1184,1351 1184,1402 1152,1402 1152,1391 1092,1391"/>
	<TextEquiv conf="0.95701">
	<Unicode>tiefe</Unicode></TextEquiv></Word>
	<Word id="w48">
	<Coords points="1215,1351 1299,1351 1299,1362 1378,1362 1378,1402 1314,1402 1314,1391 1215,1391"/>
	<TextEquiv conf="0.95983">
	<Unicode>Burgen</Unicode></TextEquiv></Word>
	<Word id="w50">
	<Coords points="1411,1352 1482,1352 1482,1391 1411,1391"/>
	<TextEquiv conf="0.93141">
	<Unicode>und</Unicode></TextEquiv></Word>
	<Word id="w51">
	<Coords points="1514,1352 1585,1352 1585,1402 1514,1402"/>
	<TextEquiv conf="0.86605">
	<Unicode>ſtei⸗</Unicode></TextEquiv></Word>
	<TextEquiv conf="0.94365">
	<Unicode>Sie machen tiefe Burgen und ſtei⸗</Unicode></TextEquiv></TextLine>
	<TextLine id="l52">
	<Coords points="903,1412 1373,1412 1373,1413 1584,1413 1584,1453 1450,1453 1450,1463 1398,1463 1398,1452 1086,1452 1086,1451 962,1451 962,1462 903,1462 903,1461 816,1461 816,1422 903,1422"/>
	<Word id="w53">
	<Coords points="816,1422 879,1422 879,1461 816,1461"/>
	<TextEquiv conf="0.96685">
	<Unicode>gen</Unicode></TextEquiv></Word>
	<Word id="w54">
	<Coords points="903,1412 1037,1412 1037,1451 962,1451 962,1462 903,1462"/>
	<TextEquiv conf="0.96031">
	<Unicode>hinein.</Unicode></TextEquiv></Word>
	<Word id="w56">
	<Coords points="1086,1412 1221,1412 1221,1452 1086,1452"/>
	<TextEquiv conf="0.96874">
	<Unicode>Dabei</Unicode></TextEquiv></Word>
	<Word id="w58">
	<Coords points="1248,1412 1373,1412 1373,1452 1248,1452"/>
	<TextEquiv conf="0.63752">
	<Unicode>kommt</Unicode></TextEquiv></Word>
	<Word id="w59">
	<Coords points="1398,1413 1450,1413 1450,1463 1398,1463"/>
	<TextEquiv conf="0.93362">
	<Unicode>oft</Unicode></TextEquiv></Word>
	<Word id="w60">
	<Coords points="1471,1413 1584,1413 1584,1453 1471,1453"/>
	<TextEquiv conf="0.96633">
	<Unicode>Sand</Unicode></TextEquiv></Word>
	<TextEquiv conf="0.92019">
	<Unicode>gen hinein. Dabei kommt oft Sand</Unicode></TextEquiv></TextLine>
	<TextLine id="l61">
	<Coords points="878,1473 1049,1473 1049,1474 1390,1474 1390,1475 1588,1475 1588,1515 1460,1515 1460,1525 1305,1525 1305,1514 1123,1514 1123,1524 1064,1524 1064,1513 878,1513 878,1512 814,1512 814,1474 878,1474"/>
	<Word id="w62">
	<Coords points="814,1474 850,1474 850,1512 814,1512"/>
	<TextEquiv conf="0.96226">
	<Unicode>in</Unicode></TextEquiv></Word>
	<Word id="w63">
	<Coords points="878,1473 931,1473 931,1513 878,1513"/>
	<TextEquiv conf="0.93177">
	<Unicode>die</Unicode></TextEquiv></Word>
	<Word id="w64">
	<Coords points="964,1473 1049,1473 1049,1474 1123,1474 1123,1524 1064,1524 1064,1513 964,1513"/>
	<TextEquiv conf="0.91701">
	<Unicode>Stiefel.</Unicode></TextEquiv></Word>
	<Word id="w66">
	<Coords points="1183,1474 1269,1474 1269,1514 1183,1514"/>
	<TextEquiv conf="0.95280">
	<Unicode>Das</Unicode></TextEquiv></Word>
	<Word id="w67">
	<Coords points="1305,1474 1390,1474 1390,1525 1305,1525"/>
	<TextEquiv conf="0.91786">
	<Unicode>ſtört</Unicode></TextEquiv></Word>
	<Word id="w68">
	<Coords points="1419,1475 1460,1475 1460,1525 1419,1525"/>
	<TextEquiv conf="0.96068">
	<Unicode>ſie</Unicode></TextEquiv></Word>
	<Word id="w69">
	<Coords points="1527,1475 1588,1475 1588,1515 1527,1515 1527,1514 1490,1514 1490,1486 1527,1486"/>
	<TextEquiv conf="0.96068">
	<Unicode>aber</Unicode></TextEquiv></Word>
	<TextEquiv conf="0.94519">
	<Unicode>in die Stiefel. Das ſtört ſie aber</Unicode></TextEquiv></TextLine>
	<TextLine id="l71">
	<Coords points="815,1534 909,1534 909,1584 815,1584"/>
	<Word id="w72">
	<Coords points="815,1534 909,1534 909,1584 815,1584"/>
	<TextEquiv conf="0.77086">
	<Unicode>nicht.</Unicode></TextEquiv></Word>
	<TextEquiv conf="0.77086">
	<Unicode>nicht.</Unicode></TextEquiv></TextLine>
	<TextLine id="l74">
	<Coords points="288,1591 451,1591 451,1603 558,1603 558,1592 660,1592 660,1595 755,1595 755,1596 857,1596 857,1597 1199,1597 1199,1598 1588,1598 1588,1638 1507,1638 1507,1648 1460,1648 1460,1638 1302,1638 1302,1649 1203,1649 1203,1638 1162,1638 1162,1637 1020,1637 1020,1648 959,1648 959,1636 857,1636 857,1647 790,1647 790,1645 679,1645 679,1633 466,1633 466,1632 394,1632 394,1631 288,1631"/>
	<Word id="w75">
	<Coords points="288,1591 358,1591 358,1631 288,1631"/>
	<TextEquiv conf="0.96713">
	<Unicode>Die</Unicode></TextEquiv></Word>
	<Word id="w76">
	<Coords points="394,1591 451,1591 451,1603 530,1603 530,1633 466,1633 466,1632 394,1632"/>
	<TextEquiv conf="0.93765">
	<Unicode>kleinen</Unicode></TextEquiv></Word>
	<Word id="w78">
	<Coords points="558,1592 660,1592 660,1595 755,1595 755,1645 679,1645 679,1633 558,1633"/>
	<TextEquiv conf="0.95817">
	<Unicode>Mädchen</Unicode></TextEquiv></Word>
	<Word id="w80">
	<Coords points="790,1596 857,1596 857,1597 922,1597 922,1636 857,1636 857,1647 790,1647"/>
	<TextEquiv conf="0.91553">
	<Unicode>ſpielen</Unicode></TextEquiv></Word>
	<Word id="w82">
	<Coords points="959,1597 1020,1597 1020,1648 959,1648"/>
	<TextEquiv conf="0.96320">
	<Unicode>auf</Unicode></TextEquiv></Word>
	<Word id="w83">
	<Coords points="1056,1597 1134,1597 1134,1637 1056,1637"/>
	<TextEquiv conf="0.96343">
	<Unicode>dem</Unicode></TextEquiv></Word>
	<Word id="w84">
	<Coords points="1162,1597 1199,1597 1199,1598 1302,1598 1302,1649 1203,1649 1203,1638 1162,1638"/>
	<TextEquiv conf="0.95914">
	<Unicode>Raſen.</Unicode></TextEquiv></Word>
	<Word id="w86">
	<Coords points="1358,1598 1427,1598 1427,1638 1358,1638"/>
	<TextEquiv conf="0.96284">
	<Unicode>Sie</Unicode></TextEquiv></Word>
	<Word id="w87">
	<Coords points="1460,1598 1588,1598 1588,1638 1507,1638 1507,1648 1460,1648"/>
	<TextEquiv conf="0.95618">
	<Unicode>haben</Unicode></TextEquiv></Word>
	<TextEquiv conf="0.94308">
	<Unicode>Die kleinen Mädchen ſpielen auf dem Raſen. Sie haben</Unicode></TextEquiv></TextLine>
	<TextLine id="l89">
	<Coords points="179,1652 260,1652 260,1653 523,1653 523,1654 603,1654 603,1655 754,1655 754,1657 966,1657 966,1658 1067,1658 1067,1659 1140,1659 1140,1660 1401,1660 1401,1659 1483,1659 1483,1660 1589,1660 1589,1710 1518,1710 1518,1699 1333,1699 1333,1710 1177,1710 1177,1709 1082,1709 1082,1698 874,1698 874,1708 792,1708 792,1696 603,1696 603,1704 538,1704 538,1694 457,1694 457,1693 349,1693 349,1692 274,1692 274,1691 179,1691"/>
	<Word id="w90">
	<Coords points="179,1652 260,1652 260,1653 317,1653 317,1692 274,1692 274,1691 179,1691"/>
	<TextEquiv conf="0.90301">
	<Unicode>Stäbe</Unicode></TextEquiv></Word>
	<Word id="w92">
	<Coords points="349,1653 421,1653 421,1693 349,1693"/>
	<TextEquiv conf="0.96050">
	<Unicode>und</Unicode></TextEquiv></Word>
	<Word id="w93">
	<Coords points="457,1653 523,1653 523,1654 603,1654 603,1704 538,1704 538,1694 457,1694"/>
	<TextEquiv conf="0.95534">
	<Unicode>Reifen.</Unicode></TextEquiv></Word>
	<Word id="w95">
	<Coords points="671,1655 754,1655 754,1696 671,1696"/>
	<TextEquiv conf="0.91492">
	<Unicode>Wie</Unicode></TextEquiv></Word>
	<Word id="w96">
	<Coords points="792,1657 874,1657 874,1708 792,1708"/>
	<TextEquiv conf="0.79290">
	<Unicode>hoch</Unicode></TextEquiv></Word>
	<Word id="w97">
	<Coords points="913,1657 966,1657 966,1698 913,1698"/>
	<TextEquiv conf="0.96098">
	<Unicode>die</Unicode></TextEquiv></Word>
	<Word id="w98">
	<Coords points="1000,1658 1067,1658 1067,1659 1140,1659 1140,1709 1082,1709 1082,1698 1000,1698"/>
	<TextEquiv conf="0.94548">
	<Unicode>Reifen</Unicode></TextEquiv></Word>
	<Word id="w100">
	<Coords points="1177,1660 1333,1660 1333,1710 1177,1710"/>
	<TextEquiv conf="0.96801">
	<Unicode>fliegen!</Unicode></TextEquiv></Word>
	<Word id="w102">
	<Coords points="1401,1659 1483,1659 1483,1699 1401,1699"/>
	<TextEquiv conf="0.88208">
	<Unicode>Wie</Unicode></TextEquiv></Word>
	<Word id="w103">
	<Coords points="1518,1660 1589,1660 1589,1710 1518,1710"/>
	<TextEquiv conf="0.64695">
	<Unicode>jetzt</Unicode></TextEquiv></Word>
	<TextEquiv conf="0.90916">
	<Unicode>Stäbe und Reifen. Wie hoch die Reifen fliegen! Wie jetzt</Unicode></TextEquiv></TextLine>
	<TextLine id="l104">
	<Coords points="177,1714 502,1714 502,1716 573,1716 573,1717 712,1717 712,1719 813,1719 813,1721 977,1721 977,1720 1060,1720 1060,1721 1328,1721 1328,1720 1450,1720 1450,1770 1328,1770 1328,1760 1203,1760 1203,1771 1090,1771 1090,1759 813,1759 813,1769 742,1769 742,1757 502,1757 502,1766 402,1766 402,1754 287,1754 287,1753 177,1753"/>
	<Word id="w105">
	<Coords points="177,1714 260,1714 260,1753 177,1753"/>
	<TextEquiv conf="0.83620">
	<Unicode>alle</Unicode></TextEquiv></Word>
	<Word id="w106">
	<Coords points="287,1714 373,1714 373,1754 287,1754"/>
	<TextEquiv conf="0.95926">
	<Unicode>wild</Unicode></TextEquiv></Word>
	<Word id="w107">
	<Coords points="402,1714 502,1714 502,1716 573,1716 573,1717 712,1717 712,1757 502,1757 502,1766 402,1766"/>
	<TextEquiv conf="0.72943">
	<Unicode>durcheinander</Unicode></TextEquiv></Word>
	<Word id="w111">
	<Coords points="742,1719 813,1719 813,1721 917,1721 917,1759 813,1759 813,1769 742,1769"/>
	<TextEquiv conf="0.89375">
	<Unicode>ſtürmen!</Unicode></TextEquiv></Word>
	<Word id="w113">
	<Coords points="977,1720 1060,1720 1060,1759 977,1759"/>
	<TextEquiv conf="0.96484">
	<Unicode>Das</Unicode></TextEquiv></Word>
	<Word id="w114">
	<Coords points="1090,1721 1203,1721 1203,1771 1090,1771"/>
	<TextEquiv conf="0.00000">
	<Unicode>macht</Unicode></TextEquiv></Word>
	<Word id="w115">
	<Coords points="1230,1721 1299,1721 1299,1760 1230,1760"/>
	<TextEquiv conf="0.96188">
	<Unicode>viel</Unicode></TextEquiv></Word>
	<Word id="w116">
	<Coords points="1328,1720 1450,1720 1450,1770 1328,1770"/>
	<TextEquiv conf="0.93316">
	<Unicode>Spaß.</Unicode></TextEquiv></Word>
	<TextEquiv conf="0.83798">
	<Unicode>alle wild durcheinander ſtürmen! Das macht viel Spaß.</Unicode></TextEquiv></TextLine>
	<TextLine id="l118">
	<Coords points="287,1776 386,1776 386,1777 495,1777 495,1778 602,1778 602,1777 660,1777 660,1781 970,1781 970,1780 1126,1780 1126,1793 1260,1793 1260,1783 1358,1783 1358,1782 1455,1782 1455,1783 1591,1783 1591,1822 1126,1822 1126,1831 892,1831 892,1832 824,1832 824,1830 702,1830 702,1828 602,1828 602,1817 495,1817 495,1827 422,1827 422,1815 287,1815"/>
	<Word id="w119">
	<Coords points="287,1776 386,1776 386,1815 287,1815"/>
	<TextEquiv conf="0.92431">
	<Unicode>Dort</Unicode></TextEquiv></Word>
	<Word id="w120">
	<Coords points="422,1777 495,1777 495,1778 565,1778 565,1817 495,1817 495,1827 422,1827"/>
	<TextEquiv conf="0.76243">
	<Unicode>ſtreiten</Unicode></TextEquiv></Word>
	<Word id="w122">
	<Coords points="602,1777 660,1777 660,1828 602,1828"/>
	<TextEquiv conf="0.22188">
	<Unicode>ſich</Unicode></TextEquiv></Word>
	<Word id="w123">
	<Coords points="702,1781 783,1781 783,1830 702,1830"/>
	<TextEquiv conf="0.95892">
	<Unicode>zwei</Unicode></TextEquiv></Word>
	<Word id="w124">
	<Coords points="824,1781 939,1781 939,1820 892,1820 892,1832 824,1832"/>
	<TextEquiv conf="0.91104">
	<Unicode>ſtarke</Unicode></TextEquiv></Word>
	<Word id="w126">
	<Coords points="970,1780 1126,1780 1126,1831 970,1831"/>
	<TextEquiv conf="0.96446">
	<Unicode>Jungen</Unicode></TextEquiv></Word>
	<Word id="w127">
	<Coords points="1159,1793 1220,1793 1220,1822 1159,1822"/>
	<TextEquiv conf="0.95443">
	<Unicode>um</Unicode></TextEquiv></Word>
	<Word id="w128">
	<Coords points="1260,1783 1324,1783 1324,1822 1260,1822"/>
	<TextEquiv conf="0.96579">
	<Unicode>den</Unicode></TextEquiv></Word>
	<Word id="w129">
	<Coords points="1358,1782 1455,1782 1455,1822 1358,1822"/>
	<TextEquiv conf="0.95745">
	<Unicode>Ball.</Unicode></TextEquiv></Word>
	<Word id="w130">
	<Coords points="1520,1783 1591,1783 1591,1822 1520,1822"/>
	<TextEquiv conf="0.95745">
	<Unicode>Sie</Unicode></TextEquiv></Word>
	<TextEquiv conf="0.87202">
	<Unicode>Dort ſtreiten ſich zwei ſtarke Jungen um den Ball. Sie</Unicode></TextEquiv></TextLine>
	<TextLine id="l131">
	<Coords points="177,1837 227,1837 227,1848 332,1848 332,1838 388,1838 388,1839 678,1839 678,1841 819,1841 819,1842 1043,1842 1043,1843 1191,1843 1191,1844 1413,1844 1413,1843 1521,1843 1521,1845 1589,1845 1589,1884 1521,1884 1521,1894 1413,1894 1413,1884 1306,1884 1306,1895 1212,1895 1212,1883 1062,1883 1062,1882 819,1882 819,1892 701,1892 701,1880 587,1880 587,1879 477,1879 477,1878 416,1878 416,1877 227,1877 227,1888 177,1888"/>
	<Word id="w132">
	<Coords points="177,1837 227,1837 227,1848 304,1848 304,1877 227,1877 227,1888 177,1888"/>
	<TextEquiv conf="0.36103">
	<Unicode>ſtören</Unicode></TextEquiv></Word>
	<Word id="w134">
	<Coords points="332,1838 388,1838 388,1877 332,1877"/>
	<TextEquiv conf="0.96084">
	<Unicode>die</Unicode></TextEquiv></Word>
	<Word id="w135">
	<Coords points="477,1839 559,1839 559,1879 477,1879 477,1878 416,1878 416,1849 477,1849"/>
	<TextEquiv conf="0.95673">
	<Unicode>andern</Unicode></TextEquiv></Word>
	<Word id="w137">
	<Coords points="587,1839 678,1839 678,1880 587,1880"/>
	<TextEquiv conf="0.96880">
	<Unicode>beim</Unicode></TextEquiv></Word>
	<Word id="w138">
	<Coords points="701,1841 819,1841 819,1892 701,1892"/>
	<TextEquiv conf="0.95827">
	<Unicode>Spiel.</Unicode></TextEquiv></Word>
	<Word id="w139">
	<Coords points="861,1842 894,1842 894,1843 968,1843 968,1882 861,1882"/>
	<TextEquiv conf="0.95372">
	<Unicode>Aber</Unicode></TextEquiv></Word>
	<Word id="w141">
	<Coords points="995,1842 1043,1842 1043,1882 995,1882"/>
	<TextEquiv conf="0.96505">
	<Unicode>da</Unicode></TextEquiv></Word>
	<Word id="w142">
	<Coords points="1062,1843 1191,1843 1191,1883 1062,1883"/>
	<TextEquiv conf="0.96763">
	<Unicode>kommt</Unicode></TextEquiv></Word>
	<Word id="w143">
	<Coords points="1212,1844 1306,1844 1306,1895 1212,1895"/>
	<TextEquiv conf="0.95262">
	<Unicode>ſchon</Unicode></TextEquiv></Word>
	<Word id="w144">
	<Coords points="1326,1844 1383,1844 1383,1884 1326,1884"/>
	<TextEquiv conf="0.96771">
	<Unicode>der</Unicode></TextEquiv></Word>
	<Word id="w145">
	<Coords points="1413,1843 1521,1843 1521,1845 1589,1845 1589,1884 1521,1884 1521,1894 1413,1894"/>
	<TextEquiv conf="0.26351">
	<Unicode>Wächter</Unicode></TextEquiv></Word>
	<TextEquiv conf="0.87558">
	<Unicode>ſtören die andern beim Spiel. Aber da kommt ſchon der Wächter</Unicode></TextEquiv></TextLine>
	<TextLine id="l147">
	<Coords points="176,1898 388,1898 388,1900 609,1900 609,1901 667,1901 667,1903 840,1903 840,1904 1117,1904 1117,1955 972,1955 972,1954 869,1954 869,1943 667,1943 667,1952 624,1952 624,1941 512,1941 512,1940 388,1940 388,1949 281,1949 281,1938 176,1938"/>
	<Word id="w148">
	<Coords points="176,1898 251,1898 251,1938 176,1938"/>
	<TextEquiv conf="0.96668">
	<Unicode>und</Unicode></TextEquiv></Word>
	<Word id="w149">
	<Coords points="281,1898 388,1898 388,1949 281,1949"/>
	<TextEquiv conf="0.96480">
	<Unicode>droht</Unicode></TextEquiv></Word>
	<Word id="w150">
	<Coords points="421,1900 483,1900 483,1940 421,1940"/>
	<TextEquiv conf="0.95953">
	<Unicode>mit</Unicode></TextEquiv></Word>
	<Word id="w151">
	<Coords points="512,1900 609,1900 609,1901 667,1901 667,1952 624,1952 624,1941 512,1941"/>
	<TextEquiv conf="0.95953">
	<Unicode>Strafe.</Unicode></TextEquiv></Word>
	<Word id="w153">
	<Coords points="727,1903 840,1903 840,1943 727,1943"/>
	<TextEquiv conf="0.96324">
	<Unicode>Dann</Unicode></TextEquiv></Word>
	<Word id="w154">
	<Coords points="869,1904 940,1904 940,1954 869,1954"/>
	<TextEquiv conf="0.94378">
	<Unicode>ſind</Unicode></TextEquiv></Word>
	<Word id="w155">
	<Coords points="972,1904 1012,1904 1012,1955 972,1955"/>
	<TextEquiv conf="0.95354">
	<Unicode>ſie</Unicode></TextEquiv></Word>
	<Word id="w156">
	<Coords points="1042,1904 1117,1904 1117,1955 1042,1955"/>
	<TextEquiv conf="0.83258">
	<Unicode>ſtill.</Unicode></TextEquiv></Word>
	<TextEquiv conf="0.94484">
	<Unicode>und droht mit Strafe. Dann ſind ſie ſtill.</Unicode></TextEquiv></TextLine>
	<TextLine id="l158">
	<Coords points="286,1960 357,1960 357,1961 607,1961 607,1964 793,1964 793,1965 873,1965 873,1966 1122,1966 1122,1967 1361,1967 1361,1978 1492,1978 1492,1967 1590,1967 1590,2007 1122,2007 1122,2016 1052,2016 1052,2006 873,2006 873,2015 748,2015 748,2014 621,2014 621,2012 497,2012 497,2001 286,2001"/>
	<Word id="w159">
	<Coords points="286,1960 357,1960 357,2001 286,2001"/>
	<TextEquiv conf="0.96567">
	<Unicode>Um</Unicode></TextEquiv></Word>
	<Word id="w160">
	<Coords points="399,1961 464,1961 464,2001 399,2001"/>
	<TextEquiv conf="0.96258">
	<Unicode>den</Unicode></TextEquiv></Word>
	<Word id="w161">
	<Coords points="497,1961 607,1961 607,1964 709,1964 709,2014 621,2014 621,2012 497,2012"/>
	<TextEquiv conf="0.93299">
	<Unicode>Spielplatz</Unicode></TextEquiv></Word>
	<Word id="w163">
	<Coords points="748,1964 793,1964 793,1965 873,1965 873,2015 748,2015"/>
	<TextEquiv conf="0.86155">
	<Unicode>ſtehen</Unicode></TextEquiv></Word>
	<Word id="w165">
	<Coords points="915,1966 1122,1966 1122,2016 1052,2016 1052,2006 915,2006"/>
	<TextEquiv conf="0.90870">
	<Unicode>Sträucher</Unicode></TextEquiv></Word>
	<Word id="w167">
	<Coords points="1159,1967 1232,1967 1232,2007 1159,2007"/>
	<TextEquiv conf="0.92998">
	<Unicode>und</Unicode></TextEquiv></Word>
	<Word id="w168">
	<Coords points="1273,1967 1361,1967 1361,1978 1435,1978 1435,2007 1273,2007"/>
	<TextEquiv conf="0.90945">
	<Unicode>Bäume.</Unicode></TextEquiv></Word>
	<Word id="w170">
	<Coords points="1492,1967 1590,1967 1590,2007 1492,2007"/>
	<TextEquiv conf="0.95805">
	<Unicode>Dort</Unicode></TextEquiv></Word>
	<TextEquiv conf="0.85969">
	<Unicode>Um den Spielplatz ſtehen Sträucher und Bäume. Dort</Unicode></TextEquiv></TextLine>
	<TextLine id="l171">
	<Coords points="178,2020 272,2020 272,2022 464,2022 464,2024 611,2024 611,2025 803,2025 803,2026 903,2026 903,2027 1030,2027 1030,2028 1182,2028 1182,2029 1382,2029 1382,2040 1457,2040 1457,2080 1409,2080 1409,2069 1212,2069 1212,2068 1030,2068 1030,2077 935,2077 935,2066 803,2066 803,2076 644,2076 644,2064 540,2064 540,2063 479,2063 479,2062 356,2062 356,2073 301,2073 301,2072 178,2072"/>
	<Word id="w172">
	<Coords points="178,2020 272,2020 272,2072 178,2072"/>
	<TextEquiv conf="0.58159">
	<Unicode>ſitzen</Unicode></TextEquiv></Word>
	<Word id="w173">
	<Coords points="301,2022 356,2022 356,2073 301,2073"/>
	<TextEquiv conf="0.95737">
	<Unicode>oft</Unicode></TextEquiv></Word>
	<Word id="w174">
	<Coords points="386,2022 464,2022 464,2033 512,2033 512,2063 479,2063 479,2062 386,2062"/>
	<TextEquiv conf="0.95586">
	<Unicode>Stare</Unicode></TextEquiv></Word>
	<Word id="w176">
	<Coords points="540,2024 611,2024 611,2064 540,2064"/>
	<TextEquiv conf="0.96537">
	<Unicode>und</Unicode></TextEquiv></Word>
	<Word id="w177">
	<Coords points="644,2025 803,2025 803,2076 644,2076"/>
	<TextEquiv conf="0.41290">
	<Unicode>Spatzen</Unicode></TextEquiv></Word>
	<Word id="w178">
	<Coords points="831,2026 903,2026 903,2066 831,2066"/>
	<TextEquiv conf="0.96601">
	<Unicode>und</Unicode></TextEquiv></Word>
	<Word id="w179">
	<Coords points="935,2027 1030,2027 1030,2038 1087,2038 1087,2067 1030,2067 1030,2077 935,2077"/>
	<TextEquiv conf="0.80050">
	<Unicode>ſchauen</Unicode></TextEquiv></Word>
	<Word id="w181">
	<Coords points="1115,2028 1182,2028 1182,2068 1115,2068"/>
	<TextEquiv conf="0.95815">
	<Unicode>den</Unicode></TextEquiv></Word>
	<Word id="w182">
	<Coords points="1212,2029 1382,2029 1382,2069 1212,2069"/>
	<TextEquiv conf="0.96378">
	<Unicode>Kindern</Unicode></TextEquiv></Word>
	<Word id="w184">
	<Coords points="1409,2040 1457,2040 1457,2080 1409,2080"/>
	<TextEquiv conf="0.96827">
	<Unicode>zu.</Unicode></TextEquiv></Word>
	<TextEquiv conf="0.87820">
	<Unicode>ſitzen oft Stare und Spatzen und ſchauen den Kindern zu.</Unicode></TextEquiv></TextLine>
	<TextLine id="l186">
	<Coords points="287,2083 447,2083 447,2085 598,2085 598,2086 702,2086 702,2087 775,2087 775,2088 860,2088 860,2099 984,2099 984,2088 1043,2088 1043,2089 1179,2089 1179,2090 1263,2090 1263,2091 1368,2091 1368,2090 1501,2090 1501,2091 1591,2091 1591,2131 1501,2131 1501,2141 1368,2141 1368,2130 1263,2130 1263,2131 1195,2131 1195,2130 1145,2130 1145,2129 1043,2129 1043,2139 880,2139 880,2128 803,2128 803,2127 626,2127 626,2125 447,2125 447,2135 382,2135 382,2124 287,2124"/>
	<Word id="w187">
	<Coords points="287,2083 350,2083 350,2124 287,2124"/>
	<TextEquiv conf="0.96035">
	<Unicode>So</Unicode></TextEquiv></Word>
	<Word id="w188">
	<Coords points="382,2083 447,2083 447,2085 515,2085 515,2124 447,2124 447,2135 382,2135"/>
	<TextEquiv conf="0.96178">
	<Unicode>ſpielen</Unicode></TextEquiv></Word>
	<Word id="w190">
	<Coords points="544,2085 598,2085 598,2125 544,2125"/>
	<TextEquiv conf="0.96679">
	<Unicode>die</Unicode></TextEquiv></Word>
	<Word id="w191">
	<Coords points="626,2086 702,2086 702,2087 775,2087 775,2127 626,2127"/>
	<TextEquiv conf="0.96062">
	<Unicode>Kinder</Unicode></TextEquiv></Word>
	<Word id="w193">
	<Coords points="803,2088 860,2088 860,2128 803,2128"/>
	<TextEquiv conf="0.96644">
	<Unicode>bis</Unicode></TextEquiv></Word>
	<Word id="w194">
	<Coords points="880,2099 954,2099 954,2139 880,2139"/>
	<TextEquiv conf="0.96774">
	<Unicode>zum</Unicode></TextEquiv></Word>
	<Word id="w195">
	<Coords points="984,2088 1043,2088 1043,2089 1116,2089 1116,2129 1043,2129 1043,2139 984,2139"/>
	<TextEquiv conf="0.95851">
	<Unicode>ſpäten</Unicode></TextEquiv></Word>
	<Word id="w197">
	<Coords points="1145,2089 1179,2089 1179,2090 1263,2090 1263,2091 1326,2091 1326,2130 1263,2130 1263,2131 1195,2131 1195,2130 1145,2130"/>
	<TextEquiv conf="0.95575">
	<Unicode>Abende.</Unicode></TextEquiv></Word>
	<Word id="w200">
	<Coords points="1368,2090 1501,2090 1501,2091 1591,2091 1591,2131 1501,2131 1501,2141 1368,2141"/>
	<TextEquiv conf="0.86137">
	<Unicode>Manchmal</Unicode></TextEquiv></Word>
	<TextEquiv conf="0.95627">
	<Unicode>So ſpielen die Kinder bis zum ſpäten Abende. Manchmal</Unicode></TextEquiv></TextLine>
	<TextLine id="l202">
	<Coords points="215,2144 277,2144 277,2145 436,2145 436,2147 609,2147 609,2148 689,2148 689,2149 754,2149 754,2150 1016,2150 1016,2151 1157,2151 1157,2152 1351,2152 1351,2153 1456,2153 1456,2152 1529,2152 1529,2151 1591,2151 1591,2201 1513,2201 1513,2202 1456,2202 1456,2192 1351,2192 1351,2193 1279,2193 1279,2192 1190,2192 1190,2191 1049,2191 1049,2190 885,2190 885,2201 771,2201 771,2189 705,2189 705,2188 624,2188 624,2187 554,2187 554,2186 310,2186 310,2184 215,2184 215,2183 177,2183 177,2154 215,2154"/>
	<Word id="w203">
	<Coords points="215,2144 277,2144 277,2184 215,2184 215,2183 177,2183 177,2154 215,2154"/>
	<TextEquiv conf="0.96858">
	<Unicode>aber</Unicode></TextEquiv></Word>
	<Word id="w205">
	<Coords points="310,2145 436,2145 436,2186 310,2186"/>
	<TextEquiv conf="0.96091">
	<Unicode>kommt</Unicode></TextEquiv></Word>
	<Word id="w206">
	<Coords points="470,2147 522,2147 522,2186 470,2186"/>
	<TextEquiv conf="0.96091">
	<Unicode>ein</Unicode></TextEquiv></Word>
	<Word id="w207">
	<Coords points="554,2147 609,2147 609,2148 689,2148 689,2149 754,2149 754,2150 885,2150 885,2201 771,2201 771,2189 705,2189 705,2188 624,2188 624,2187 554,2187"/>
	<TextEquiv conf="0.96244">
	<Unicode>Gewitterſturm.</Unicode></TextEquiv></Word>
	<Word id="w211">
	<Coords points="943,2150 1016,2150 1016,2190 943,2190"/>
	<TextEquiv conf="0.95456">
	<Unicode>Der</Unicode></TextEquiv></Word>
	<Word id="w212">
	<Coords points="1049,2151 1157,2151 1157,2191 1049,2191"/>
	<TextEquiv conf="0.96050">
	<Unicode>treibt</Unicode></TextEquiv></Word>
	<Word id="w213">
	<Coords points="1190,2152 1246,2152 1246,2192 1190,2192"/>
	<TextEquiv conf="0.96584">
	<Unicode>die</Unicode></TextEquiv></Word>
	<Word id="w214">
	<Coords points="1279,2152 1351,2152 1351,2153 1424,2153 1424,2192 1351,2192 1351,2193 1279,2193"/>
	<TextEquiv conf="0.96898">
	<Unicode>Kinder</Unicode></TextEquiv></Word>
	<Word id="w216">
	<Coords points="1529,2151 1591,2151 1591,2201 1513,2201 1513,2202 1456,2202 1456,2152 1529,2152"/>
	<TextEquiv conf="0.95910">
	<Unicode>früher</Unicode></TextEquiv></Word>
	<TextEquiv conf="0.96138">
	<Unicode>aber kommt ein Gewitterſturm. Der treibt die Kinder früher</Unicode></TextEquiv></TextLine>
	<TextLine id="l218">
	<Coords points="176,2206 384,2206 384,2207 440,2207 440,2208 616,2208 616,2210 779,2210 779,2212 1133,2212 1133,2213 1190,2213 1190,2225 1327,2225 1327,2214 1475,2214 1475,2215 1588,2215 1588,2254 1475,2254 1475,2265 1415,2265 1415,2264 1327,2264 1327,2254 1232,2254 1232,2253 1049,2253 1049,2251 854,2251 854,2263 813,2263 813,2260 698,2260 698,2261 653,2261 653,2249 440,2249 440,2258 401,2258 401,2255 261,2255 261,2257 176,2257"/>
	<Word id="w219">
	<Coords points="176,2206 261,2206 261,2257 176,2257"/>
	<TextEquiv conf="0.54142">
	<Unicode>nach</Unicode></TextEquiv></Word>
	<Word id="w220">
	<Coords points="295,2206 384,2206 384,2207 440,2207 440,2258 401,2258 401,2255 295,2255"/>
	<TextEquiv conf="0.95580">
	<Unicode>Hauſe.</Unicode></TextEquiv></Word>
	<Word id="w222">
	<Coords points="504,2208 616,2208 616,2249 504,2249"/>
	<TextEquiv conf="0.94084">
	<Unicode>Dann</Unicode></TextEquiv></Word>
	<Word id="w223">
	<Coords points="653,2210 779,2210 779,2260 698,2260 698,2261 653,2261"/>
	<TextEquiv conf="0.94486">
	<Unicode>ſtehen</Unicode></TextEquiv></Word>
	<Word id="w225">
	<Coords points="813,2212 854,2212 854,2263 813,2263"/>
	<TextEquiv conf="0.95752">
	<Unicode>ſie</Unicode></TextEquiv></Word>
	<Word id="w226">
	<Coords points="888,2212 923,2212 923,2251 888,2251"/>
	<TextEquiv conf="0.95752">
	<Unicode>in</Unicode></TextEquiv></Word>
	<Word id="w227">
	<Coords points="956,2212 1015,2212 1015,2251 956,2251"/>
	<TextEquiv conf="0.93628">
	<Unicode>der</Unicode></TextEquiv></Word>
	<Word id="w228">
	<Coords points="1049,2212 1133,2212 1133,2213 1190,2213 1190,2253 1049,2253"/>
	<TextEquiv conf="0.95406">
	<Unicode>Stube</Unicode></TextEquiv></Word>
	<Word id="w230">
	<Coords points="1232,2225 1288,2225 1288,2254 1232,2254"/>
	<TextEquiv conf="0.95592">
	<Unicode>am</Unicode></TextEquiv></Word>
	<Word id="w231">
	<Coords points="1327,2214 1475,2214 1475,2265 1415,2265 1415,2264 1327,2264"/>
	<TextEquiv conf="0.96814">
	<Unicode>Fenſter</Unicode></TextEquiv></Word>
	<Word id="w233">
	<Coords points="1514,2215 1588,2215 1588,2254 1514,2254"/>
	<TextEquiv conf="0.96356">
	<Unicode>und</Unicode></TextEquiv></Word>
	<TextEquiv conf="0.92550">
	<Unicode>nach Hauſe. Dann ſtehen ſie in der Stube am Fenſter und</Unicode></TextEquiv></TextLine>
	<TextLine id="l234">
	<Coords points="177,2267 277,2267 277,2269 445,2269 445,2270 538,2270 538,2271 724,2271 724,2272 835,2272 835,2273 1004,2273 1004,2275 1352,2275 1352,2276 1590,2276 1590,2316 1500,2316 1500,2326 1436,2326 1436,2316 1249,2316 1249,2315 1119,2315 1119,2324 1035,2324 1035,2313 849,2313 849,2312 724,2312 724,2321 635,2321 635,2319 566,2319 566,2310 445,2310 445,2319 364,2319 364,2318 177,2318"/>
	<Word id="w235">
	<Coords points="177,2267 277,2267 277,2279 335,2279 335,2308 277,2308 277,2318 177,2318"/>
	<TextEquiv conf="0.90522">
	<Unicode>ſchauen</Unicode></TextEquiv></Word>
	<Word id="w237">
	<Coords points="364,2269 445,2269 445,2319 364,2319"/>
	<TextEquiv conf="0.83458">
	<Unicode>nach</Unicode></TextEquiv></Word>
	<Word id="w238">
	<Coords points="475,2270 538,2270 538,2310 475,2310"/>
	<TextEquiv conf="0.96645">
	<Unicode>den</Unicode></TextEquiv></Word>
	<Word id="w239">
	<Coords points="566,2271 724,2271 724,2321 635,2321 635,2319 566,2319"/>
	<TextEquiv conf="0.96106">
	<Unicode>finſtern</Unicode></TextEquiv></Word>
	<Word id="w241">
	<Coords points="745,2272 835,2272 835,2273 905,2273 905,2313 849,2313 849,2312 745,2312"/>
	<TextEquiv conf="0.96936">
	<Unicode>Wolken</Unicode></TextEquiv></Word>
	<Word id="w243">
	<Coords points="932,2273 1004,2273 1004,2313 932,2313"/>
	<TextEquiv conf="0.96226">
	<Unicode>und</Unicode></TextEquiv></Word>
	<Word id="w244">
	<Coords points="1035,2275 1119,2275 1119,2324 1035,2324"/>
	<TextEquiv conf="0.24624">
	<Unicode>nach</Unicode></TextEquiv></Word>
	<Word id="w245">
	<Coords points="1149,2275 1226,2275 1226,2315 1149,2315"/>
	<TextEquiv conf="0.96635">
	<Unicode>dem</Unicode></TextEquiv></Word>
	<Word id="w246">
	<Coords points="1249,2275 1352,2275 1352,2276 1408,2276 1408,2315 1352,2315 1352,2316 1249,2316"/>
	<TextEquiv conf="0.96403">
	<Unicode>Staube</Unicode></TextEquiv></Word>
	<Word id="w248">
	<Coords points="1436,2276 1500,2276 1500,2326 1436,2326"/>
	<TextEquiv conf="0.96393">
	<Unicode>auf</Unicode></TextEquiv></Word>
	<Word id="w249">
	<Coords points="1529,2276 1590,2276 1590,2316 1529,2316"/>
	<TextEquiv conf="0.96868">
	<Unicode>der</Unicode></TextEquiv></Word>
	<TextEquiv conf="0.90375">
	<Unicode>ſchauen nach den finſtern Wolken und nach dem Staube auf der</Unicode></TextEquiv></TextLine>
	<TextLine id="l250">
	<Coords points="177,2328 278,2328 278,2329 345,2329 345,2379 294,2379 294,2369 177,2369"/>
	<Word id="w251">
	<Coords points="177,2328 278,2328 278,2329 345,2329 345,2379 294,2379 294,2369 177,2369"/>
	<TextEquiv conf="0.96383">
	<Unicode>Straße.</Unicode></TextEquiv></Word>
	<TextEquiv conf="0.92936">
	<Unicode>Straße.</Unicode></TextEquiv></TextLine>
	<TextEquiv>
	<Unicode>Auf dem Spielplatze, da iſt es
ſchön. Da laufen und ſpringen
die Kinder über Stock und Stein.
Die kleinen Knaben graben am
liebſten mit dem Spaten im Sande.
Sie machen tiefe Burgen und ſtei⸗
gen hinein. Dabei kommt oft Sand
in die Stiefel. Das ſtört ſie aber
nicht.
Die kleinen Mädchen ſpielen auf dem Raſen. Sie haben
Stäbe und Reifen. Wie hoch die Reifen fliegen! Wie jetzt
alle wild durcheinander ſtürmen! Das macht viel Spaß.
Dort ſtreiten ſich zwei ſtarke Jungen um den Ball. Sie
ſtören die andern beim Spiel. Aber da kommt ſchon der Wächter
und droht mit Strafe. Dann ſind ſie ſtill.
Um den Spielplatz ſtehen Sträucher und Bäume. Dort
ſitzen oft Stare und Spatzen und ſchauen den Kindern zu.
So ſpielen die Kinder bis zum ſpäten Abende. Manchmal
aber kommt ein Gewitterſturm. Der treibt die Kinder früher
nach Hauſe. Dann ſtehen ſie in der Stube am Fenſter und
ſchauen nach den finſtern Wolken und nach dem Staube auf der
Straße.</Unicode></TextEquiv></TextRegion></Page></PcGts>
