1736 2668
660 180 716 193 —
766 158 820 202 77
868 179 928 191 —

543 275 638 346 In
685 275 786 345 der
838 274 1057 345 Stadt.

273 460 359 510 21.
410 454 527 510 Wie
565 468 614 510 es
654 455 737 523 auf
775 454 855 510 der
897 454 1080 524 Straße
1116 453 1320 522 hergeht.

191 554 257 605 Ich
287 554 360 605 ſehe
388 554 461 605 jetzt
489 564 563 594 von
590 552 722 604 unſerer
754 551 958 602 Wohnung
987 551 1149 601 hinunter
1178 551 1242 602 auf
1273 551 1329 591 die
1360 550 1508 601 Straße.

85 617 182 658 Was
215 617 273 668 für
306 617 362 657 ein
397 616 518 657 Leben
550 615 620 656 und
654 614 806 655 Treiben
839 614 880 665 iſt
915 614 986 654 das
1019 614 1066 654 da
1099 614 1220 654 unten!
1288 613 1353 653 Da
1386 613 1508 664 fahren

85 679 214 720 allerlei
234 678 459 729 Fuhrwerke:
494 677 689 729 Droſchken,
716 676 972 727 Milchwagen,
998 676 1277 726 Kohlenwagen,
1303 674 1508 726 Gießfäſſer,

86 741 304 792 Bierwagen
327 741 400 782 und
429 740 513 791 noch
541 740 627 780 viele
654 739 758 790 mehr.
808 739 872 780 Da
901 738 1028 779 kommt
1056 739 1114 779 der
1134 737 1421 788 Rollfuhrmann
1447 737 1509 777 mit

85 804 205 855 Kiſten
237 803 308 844 und
337 803 485 854 Kaſten,
519 803 582 842 mit
611 802 758 843 Körben
791 801 864 842 und
902 801 1049 849 Sätcken,
1084 800 1132 841 da
1164 800 1290 851 fahren
1322 799 1379 840 die
1411 798 1509 839 Rad⸗

84 866 209 917 fahrer,
237 866 285 906 da
309 865 449 916 klingelt
474 865 530 905 die
552 863 824 914 Straßenbahn,
853 863 927 904 und
953 863 1001 903 da
1025 862 1167 914 fauchen
1191 862 1246 902 die
1270 860 1510 902 Automobile.

190 927 270 968 Nur
302 928 340 968 in
373 928 433 968 der
467 926 592 977 Nacht,
629 937 731 966 wenn
764 926 819 966 die
854 924 1032 965 Laternen
1064 924 1225 975 leuchten,
1265 923 1313 964 da
1346 923 1436 963 wird
1473 934 1510 963 es

88 990 200 1042 ſtiller.
249 990 364 1029 Dann
391 989 548 1029 kommen
574 988 628 1028 die
660 987 939 1038 Straßenkehrer
968 987 1031 1027 mit
1058 986 1117 1026 der
1145 985 1412 1036 Kehrmaſchine
1439 984 1510 1025 und

86 1053 210 1104 fahren
247 1051 348 1101 durch
387 1051 444 1091 die
482 1051 591 1091 leeren
628 1049 800 1100 Straßen.
865 1049 950 1089 Und
989 1048 1182 1099 manchmal
1218 1048 1296 1099 jagt
1336 1047 1420 1097 auch
1457 1047 1512 1087 die

87 1113 294 1164 Feuerwehr
322 1113 447 1153 vorbei
477 1113 549 1153 und
579 1112 674 1152 weckt
702 1123 773 1152 uns
802 1111 905 1161 durch
937 1111 992 1161 ihr
1022 1110 1166 1161 ſchrilles
1196 1110 1342 1150 Geläut.

411 1256 496 1304 22.
544 1251 764 1320 Hinterm
806 1252 1195 1319 Sprengwagen.

195 1351 303 1400 Hans
332 1350 405 1390 und
438 1349 540 1390 Max
569 1348 707 1400 ſpielten
736 1348 800 1398 auf
829 1347 888 1387 der
920 1347 1070 1397 Straße.
1120 1347 1183 1386 Da
1212 1346 1317 1397 ſahen
1347 1346 1391 1397 ſie
1419 1346 1514 1387 einen

90 1414 368 1465 Sprengwagen
390 1411 556 1452 kommen.
606 1410 721 1460 Gleich
744 1410 846 1460 liefen
868 1409 911 1460 ſie
930 1409 1004 1459 hin.
1053 1408 1123 1448 Sie
1148 1408 1299 1459 ſtreiften
1323 1407 1379 1448 die
1398 1407 1514 1459 Hoſen

88 1476 185 1525 rauf,
215 1475 275 1514 bis
302 1474 388 1514 über
417 1474 474 1513 die
504 1473 595 1513 Knie
621 1472 712 1522 rauf,
746 1471 819 1512 und
850 1470 964 1520 ließen
998 1470 1056 1521 ſich
1090 1470 1167 1510 voll
1197 1469 1338 1520 Waſſer
1374 1469 1514 1521 ſpritzen.

92 1536 187 1577 War
215 1536 285 1576 das
314 1535 413 1586 ſchön
439 1534 534 1584 kühl,
565 1534 599 1585 ſo
634 1534 696 1584 auf
729 1534 784 1573 die
818 1533 953 1573 nackten
985 1532 1112 1572 Beine!
1171 1530 1256 1571 Und
1292 1531 1335 1581 ſie
1369 1531 1516 1582 hüpften

90 1599 163 1640 und
199 1598 331 1648 lachten
366 1596 440 1637 und
478 1595 612 1646 guckten
650 1595 708 1646 ſich
748 1605 803 1635 an.
862 1594 940 1644 Auf
979 1594 1105 1634 einmal
1142 1592 1233 1633 blieb
1273 1592 1333 1632 der
1373 1592 1515 1643 Wagen

91 1661 210 1713 ſtehen.
258 1660 322 1699 Da
352 1658 480 1709 ſpritzte
509 1657 578 1697 das
607 1656 744 1707 Waſſer
774 1656 838 1707 auf
867 1656 922 1696 die
951 1655 1068 1706 Hoſen
1096 1655 1168 1695 und
1197 1654 1328 1704 machte
1359 1654 1401 1704 ſie
1431 1665 1516 1705 ganz

90 1725 171 1773 naß.
226 1721 334 1771 Hans
362 1720 437 1760 und
469 1719 569 1760 Max
599 1718 750 1770 quiekten
778 1718 851 1758 und
882 1719 987 1769 liefen
1015 1718 1146 1757 davon.

152 2416 213 2442 Hirts
229 2416 288 2437 Neue
303 2413 544 2440 Schreib⸗Leſe⸗Fibel.

1159 2402 1175 2424 6
