1716 2644
793 179 839 182 —
893 157 940 193 42
994 180 1042 183 —

209 232 291 282 12.

669 316 795 409 z
792 264 911 407 Z

1011 333 1043 413 z
1103 314 1176 415 Z

305 464 421 532 Zug
661 465 893 534 Zeichen
999 469 1117 536 Zeit
1301 471 1504 539 Zeiger

304 557 490 625 Zügel
661 559 833 626 Zaum
1000 561 1117 628 Zelt
1304 563 1503 631 Zirkus

304 649 555 717 Zwiebel
661 651 843 719 Zweig
999 654 1186 721 Zwerg
1302 656 1479 723 Zwirn

303 742 503 810 Zipfel
663 744 847 812 Zöpfe
997 745 1183 813 Zirkel
1303 748 1517 817 Zapfen

679 899 797 955 Wir
835 901 1012 970 reiſen
1052 903 1135 958 ab.

718 1001 814 1044 Siehe
838 1002 912 1036 Bild
938 1003 1025 1037 Seite
1049 1006 1100 1037 27.

312 1083 533 1151 Mutter,
577 1084 743 1140 Meta
786 1085 882 1141 und
923 1086 1070 1155 Roſa
1113 1088 1253 1143 eilen
1295 1102 1398 1156 zum
1438 1089 1610 1157 Zuge.

201 1176 336 1243 „Wo
379 1175 565 1244 ſteigen
603 1176 692 1231 wir
732 1176 849 1232 ein?
923 1178 1091 1234 Wann
1131 1179 1315 1248 fahren
1352 1180 1438 1235 wir
1477 1180 1612 1235 ab?“

201 1268 245 1336 ſo
291 1268 474 1336 fragen
516 1267 590 1323 die
630 1269 902 1339 Mädchen.
979 1271 1124 1326 Denn
1166 1272 1225 1340 ſie
1265 1272 1424 1341 ſollen
1460 1272 1612 1341 heute

198 1374 304 1428 zum
344 1360 503 1428 erſten
541 1360 706 1416 Male
743 1361 831 1417 mit
869 1362 968 1417 dem
1007 1364 1167 1432 Zuge
1205 1364 1399 1432 fahren.
1466 1364 1608 1433 Raſch

198 1452 338 1507 eilen
384 1452 443 1520 ſie
484 1452 557 1507 die
601 1454 805 1522 Treppe
847 1454 1049 1524 hinauf,
1097 1470 1160 1511 an
1199 1456 1302 1511 dem
1343 1456 1611 1526 Schaffner

196 1544 395 1599 vorbei.
499 1544 593 1601 Sie
649 1545 837 1614 ſteigen
894 1546 1049 1616 ſchnell
1106 1548 1198 1603 ein.
1302 1549 1373 1605 Es
1427 1550 1482 1619 iſt
1535 1549 1610 1605 die

195 1636 387 1706 höchſte
426 1636 553 1706 Zeit.
618 1638 720 1693 Der
759 1639 1067 1708 Zugführer
1105 1640 1209 1709 gibt
1247 1641 1337 1696 das
1375 1641 1606 1711 Zeichen.

197 1729 296 1785 Die
332 1729 610 1798 Maſchine
646 1731 830 1799 puſtet.
895 1731 989 1786 Die
1022 1732 1202 1788 Räder
1240 1733 1422 1789 rollen.
1489 1735 1609 1791 Nun

197 1822 305 1891 geht
335 1836 386 1877 es
419 1821 632 1891 ſchneller
666 1823 764 1878 und
797 1823 967 1878 immer
999 1823 1221 1893 ſchneller
1247 1859 1314 1862 —
1339 1826 1456 1895 puff,
1483 1826 1604 1895 puff,

194 1915 316 1984 puff,
355 1915 462 1984 puff
490 1947 556 1951 —
588 1928 651 1970 an
691 1915 781 1971 den
821 1916 1109 1985 Menſchen,
1153 1931 1216 1972 an
1259 1918 1347 1973 den
1387 1918 1604 1986 Gärten,

196 2024 261 2065 an
300 2010 389 2065 den
429 2007 648 2076 Wieſen,
691 2022 755 2063 an
799 2008 888 2064 den
927 2009 1144 2077 Dörfern
1182 2010 1375 2077 vorbei,
1414 2011 1605 2066 vorbei.
