1697 2638
791 199 840 203 —
894 178 942 213 64
994 201 1042 203 —

207 251 294 303 33.

555 310 729 430 qu
766 284 922 428 Qu

1032 311 1123 393 qu
1179 292 1315 376 Qu

214 463 534 619 Quelle,
555 461 1126 621 Quellwasser,
1164 462 1610 622 erquicken,

210 609 492 769 Quirl,
519 610 845 769 Qualm,
851 611 1151 769 Quark,
1164 607 1612 769 quetschen,

293 756 634 913 Quaste,
700 758 981 874 Onkel,
1026 757 1291 916 Qual,
1346 752 1544 870 Otto,

1055 903 1423 1061 quaken.
407 934 650 1054 quer,
667 903 1045 1057 bequem,

777 1079 869 1128 Der
902 1080 1050 1130 Quirl.

315 1158 391 1209 Ihr
420 1159 516 1199 kennt
543 1160 604 1209 ihn
633 1160 709 1208 alle,
738 1160 803 1200 den
831 1161 994 1212 luſtigen
1018 1160 1183 1212 Geſellen.
1218 1162 1289 1202 Die
1308 1162 1453 1203 Mutter
1471 1164 1616 1214 braucht

208 1220 271 1270 ihn
290 1221 326 1260 in
345 1220 405 1261 der
426 1221 548 1271 Küche.
587 1221 658 1262 Sie
677 1223 876 1273 zerquetſcht
897 1223 950 1263 die
969 1223 1144 1273 gekochten
1165 1224 1386 1276 Kartoffeln
1405 1225 1487 1265 oder
1507 1226 1618 1276 quirlt

207 1282 263 1322 die
285 1282 425 1334 Suppe.
471 1283 580 1323 Dann
611 1284 710 1335 ſteigt
730 1285 783 1335 oft
810 1285 950 1325 Qualm
971 1286 1046 1336 auf.
1090 1285 1185 1326 Aber
1214 1287 1283 1327 das
1312 1287 1395 1338 ſtört
1421 1288 1485 1328 den
1503 1288 1617 1328 Quirl

208 1344 306 1394 nicht.
349 1344 399 1385 Er
427 1346 520 1396 tanzt
543 1347 682 1386 munter
702 1347 774 1387 und
805 1348 909 1399 luſtig
938 1347 1067 1397 herum.
1114 1349 1226 1389 Dann
1350 1360 1384 1389 er
1413 1349 1469 1400 ſich
1489 1349 1616 1389 wieder
1247 1348 1330 1397 ruht

208 1407 274 1456 auf
303 1406 379 1446 dem
407 1407 616 1447 Quirlbrett
646 1419 728 1448 aus.

664 1495 763 1543 Das
798 1496 910 1555 beſte
944 1497 1152 1546 Getränk.

209 1573 285 1613 Der
312 1573 401 1624 beſte
430 1573 536 1613 Wein
564 1575 624 1625 für
652 1574 795 1624 Kinder,
825 1576 883 1616 der
910 1576 1018 1626 weiße
1045 1576 1117 1628 iſt's
1147 1577 1316 1628 fürwahr,

207 1634 267 1674 der
297 1645 366 1674 aus
395 1635 453 1675 der
482 1635 737 1687 Felſenquelle
766 1637 799 1688 ſo
829 1638 932 1689 luſtig
960 1638 1057 1689 fließt
1086 1639 1159 1679 und
1189 1639 1271 1679 klar.

208 1696 259 1736 Er
289 1696 388 1747 fließt
416 1697 517 1747 durch
548 1701 659 1747 grüne
687 1698 803 1745 Auen;
834 1699 895 1749 ihn
922 1700 1048 1740 trinken
1076 1700 1192 1752 Hirſch
1223 1701 1296 1741 und
1325 1700 1401 1750 Reh

206 1757 280 1798 und
312 1757 424 1808 Lerch'
452 1759 524 1799 und
553 1752 829 1810 Nachtigallen,
858 1772 891 1801 ex
919 1762 1027 1812 macht
1055 1762 1122 1802 den
1150 1762 1253 1812 Kopf
1281 1762 1368 1812 nicht
1395 1761 1479 1811 weh.

583 1820 667 1861 Und
697 1822 738 1872 iſt
766 1833 801 1862 er
829 1824 892 1873 gut
919 1824 977 1874 für
1004 1824 1148 1871 Kinder,

582 1883 641 1923 der
670 1883 759 1923 klare
786 1884 894 1934 weiße
924 1884 1036 1935 Wein,

582 1944 628 1994 ich
659 1945 787 1995 glaub’,
818 1957 851 1986 er
878 1946 961 1996 muß
991 1947 1077 1997 nicht
1105 1948 1240 1988 minder

582 2006 666 2055 auch
697 2007 761 2056 gut
791 2008 850 2057 für
878 2007 1000 2059 Große
1029 2009 1102 2059 ſein.
