1738 2670
242 1553 371 1639 es

662 184 721 197 —
767 162 824 206 29
870 184 930 196 —

1284 2470 1309 2503 3

146 2467 217 2501 Hirts
222 2468 291 2499 Neue
297 2466 549 2503 Schreib⸗Leſe⸗Fibel

106 1300 376 1437 schaut
365 1299 558 1436 doch
542 1300 746 1388 dort
755 1332 1165 1389 meinen
1289 1332 1495 1387 wie

606 1431 743 1566 ist
104 1427 273 1563 hoch
261 1477 383 1512 er
387 1429 600 1564 schon
743 1491 783 1502 —
778 1430 967 1567 hoch
956 1429 1170 1516 über
1173 1429 1368 1515 dem

108 1603 250 1639 wo
352 1552 455 1688 so
452 1556 703 1690 raucht
702 1617 735 1629 -
738 1581 922 1641 nun
917 1569 1087 1641 noch
1070 1555 1511 1692 höher-halte

1385 1682 1517 1768 da
1254 1681 1419 1818 ach,
1040 1681 1247 1818 noch
1228 1745 1266 1752 -
833 1681 1063 1817 rasch
604 1678 844 1814 laufe
434 1680 642 1765 und
265 1681 455 1818 fest
94 1709 278 1766 nur

1265 1809 1507 1943 sein-
921 1809 1282 1894 einmal
721 1811 935 1945 auch
605 1807 745 1945 ich
306 1806 599 1944 möchte
111 1806 314 1893 oben

597 1935 743 2072 ich
812 1933 991 2073 ach
741 1996 792 2008 —

114 2062 325 2199 mich,
323 2061 507 2199 dich,
508 2062 736 2198 nicht,
738 2062 955 2200 dicht,
957 2062 1174 2200 recht,
1176 2061 1520 2201 rechnen,

112 2187 400 2325 suchen,
408 2188 769 2325 rauchen,
778 2187 1090 2326 lachen,
1108 2188 1462 2326 wachen,

91 2364 217 2400 er
190 2315 379 2452 hat
350 2312 571 2451 mich
541 2315 859 2455 besucht
849 2376 886 2389 ­
882 2315 1021 2452 ich
981 2314 1211 2452 habe
1207 2314 1517 2450 gekocht.
