1713 2657
794 196 844 200 —
897 175 944 210 46
999 198 1046 201 —

1049 296 1073 379 i
1132 296 1195 379 I
1257 296 1279 398 j
1337 297 1404 397 J

467 298 582 382 i
580 276 735 382 I
705 294 866 439 j
808 276 966 433 J

218 245 301 296 16.

214 480 347 537 Ida
544 482 674 550 Ilſe
850 481 1024 539 Irma
1273 482 1473 540 Irene

213 594 361 662 Igel
544 595 703 652 Iltis
848 596 1014 665 Inſel
1274 596 1589 653 Indianer

212 708 406 776 Jakob
544 708 752 776 Judas
854 709 1178 777 Johannes
1275 709 1625 779 Jeruſalem

212 822 372 889 Juni
543 822 689 890 Juli
852 822 1079 890 Julius
1269 823 1520 890 Januar

668 1000 750 1057 In
789 1002 887 1056 den
924 1001 1164 1069 Ferien.

321 1115 414 1170 Im
453 1114 585 1183 Juli
623 1114 916 1170 bekommen
954 1115 1040 1170 wir
1081 1115 1298 1183 Ferien.
1362 1116 1445 1170 Da
1485 1116 1623 1170 brau⸗

215 1211 318 1280 chen
362 1210 449 1265 wir
491 1210 608 1280 nicht
654 1226 735 1279 zur
779 1211 984 1280 Schule.
1064 1211 1236 1279 Jeder
1279 1213 1387 1280 Tag
1425 1212 1479 1281 iſt
1520 1212 1621 1280 frei.

215 1307 437 1376 Juchhe!
520 1307 589 1362 Es
638 1307 695 1376 iſt
743 1308 786 1376 ſo
834 1322 995 1362 warm.
1072 1308 1185 1363 Wir
1228 1307 1389 1376 gehen
1427 1307 1624 1375 hinaus

215 1404 298 1471 auf
353 1403 428 1458 die
475 1403 662 1472 Wieſe.
749 1405 878 1459 Dort
931 1404 1131 1472 haſchen
1178 1404 1265 1458 wir
1306 1418 1413 1459 uns.
1491 1405 1623 1460 Dort

212 1501 400 1568 tanzen
445 1499 539 1554 und
584 1499 756 1568 lachen
803 1500 902 1555 wir.
978 1500 1130 1556 Oder
1168 1499 1257 1554 wir
1298 1500 1480 1568 ſahren
1517 1515 1623 1569 zum

213 1595 411 1663 Oheim
473 1596 556 1664 auf
615 1596 707 1651 das
773 1597 915 1664 Dorf.
1026 1597 1111 1651 Da
1172 1595 1343 1651 baden
1404 1596 1490 1651 wir
1557 1597 1622 1651 im

214 1691 410 1760 Teiche.
505 1691 615 1747 Wir
671 1693 854 1761 fahren
906 1692 1010 1760 auch
1068 1692 1157 1747 mit
1213 1692 1296 1760 auf
1350 1692 1439 1746 das
1482 1692 1622 1760 Feld.

214 1789 298 1843 Da
339 1788 521 1856 tragen
564 1787 653 1842 wir
694 1788 906 1844 Garben
948 1788 1042 1843 und
1089 1788 1249 1843 laden
1295 1788 1383 1843 das
1427 1788 1620 1856 Fuder.

216 1886 355 1953 Ganz
410 1883 545 1939 oben
597 1884 768 1952 liegen
815 1884 902 1939 wir
951 1884 1033 1952 auf
1085 1884 1186 1939 dem
1239 1884 1620 1953 Erntewagen.

217 1981 295 2048 Ei,
337 1981 427 2035 das
466 1980 520 2048 iſt
557 1980 676 2047 fein!
