1705 2643
764 179 820 191 —
867 157 922 201 90
966 178 1025 190 —

294 265 362 304 Die
388 266 533 305 Mutter
561 266 694 304 kommt
721 263 825 314 nicht,
857 264 901 314 ſie
929 263 1061 314 wäſcht
1090 261 1194 312 ſchon
1222 261 1259 300 in
1286 262 1344 300 der
1366 261 1487 311 Küche
1516 261 1597 312 auf.

292 325 366 375 Ich
395 325 472 376 ſehe
492 325 579 375 nach
601 326 667 363 den
686 324 850 378 Häuſern
870 323 1090 375 gegenüber:
1120 323 1163 373 ſie
1182 322 1254 373 ſind
1274 334 1363 373 ganz
1383 321 1595 372 undeutlich,

189 385 258 424 wie
294 388 399 424 unter
425 387 539 425 einem
567 385 739 435 Schleier.
795 384 866 434 Ich
896 385 972 434 ſehe
1000 383 1066 434 auf
1094 383 1147 421 die
1174 381 1310 433 Straße
1338 382 1517 432 hinunter,
1554 382 1600 420 da

189 445 302 496 gehen
323 447 424 485 Leute
441 459 503 497 zur
521 446 672 493 Arbeit;
693 445 780 485 aber
798 444 849 494 ich
870 445 961 483 kann
980 444 1023 494 ſie
1043 443 1137 493 nicht
1156 443 1338 482 erkennen.
1377 442 1442 481 Die
1461 441 1600 493 Straße

190 506 230 556 iſt
258 506 327 545 wie
354 507 425 546 voll
453 519 527 546 von
554 506 699 556 Rauch.

293 566 442 617 Endlich
478 567 538 617 lief
570 567 623 616 ich
655 579 716 618 zur
752 567 899 606 Mutter
931 566 969 604 in
1001 565 1055 603 die
1089 564 1225 614 Küche.
1282 563 1353 613 Ich
1391 575 1471 601 war
1507 574 1599 613 ganz

190 627 372 678 ängſtlich.
429 628 523 678 „Ja,
554 628 622 666 das
651 627 691 676 iſt
718 626 871 677 Nebel“,
904 627 1000 677 ſagte
1028 625 1082 664 die
1110 626 1256 664 Mutter
1283 624 1354 662 und
1384 623 1505 673 lachte.

465 1918 550 1968 50.
591 1914 650 1969 O
690 1913 792 1968 wie
828 1913 926 1967 kalt
962 1912 1015 1979 iſt
1054 1928 1113 1966 es
1152 1911 1321 1977 heute!

294 2029 399 2076 „Das
418 2028 458 2078 iſt
477 2028 563 2067 aber
582 2029 660 2067 eine
679 2028 825 2078 Kälte“,
848 2028 945 2078 ſagte
963 2027 1017 2065 die
1036 2027 1196 2076 Mutter,
1220 2026 1278 2065 als
1297 2025 1341 2075 ſie
1360 2036 1443 2064 vom
1463 2023 1600 2063 Bäcker

187 2089 402 2141 zurückkam,
432 2089 504 2127 und
532 2088 607 2127 rieb
636 2088 699 2139 ſich
727 2088 782 2127 die
809 2087 940 2138 Finger
967 2099 1027 2126 am
1056 2098 1222 2125 warmen
1242 2086 1358 2135 Ofen,
1409 2085 1513 2132 „Und
1543 2097 1600 2135 ge⸗

190 2149 319 2200 ſchneit
351 2149 413 2199 hat
446 2160 496 2200 es,
533 2148 604 2200 daß
638 2161 725 2188 man
761 2149 865 2188 kaum
898 2147 1007 2198 gehen
1042 2147 1175 2186 kann.“
1207 2170 1254 2174 —
1284 2146 1416 2193 „Dann
1445 2145 1517 2195 hol'
1546 2145 1598 2195 ich

191 2209 333 2248 meinen
361 2208 570 2260 Schlitten“,
602 2209 670 2259 rief
696 2209 856 2259 Johann
884 2208 956 2247 und
983 2207 1067 2258 ſtieg
1096 2208 1149 2246 die
1173 2207 1423 2256 Bodentreppe
1450 2205 1597 2255 hinauf.

190 2269 282 2309 Sein
302 2269 477 2319 Schlitten
506 2282 585 2309 war
613 2269 701 2319 noch
721 2282 811 2320 ganz
830 2281 912 2319 neu,
943 2269 1034 2307 denn
1053 2268 1113 2306 der
1130 2266 1481 2317 Weihnachtsmann
1502 2266 1599 2314 hatte

189 2328 255 2380 ihn
274 2331 339 2381 erſt
357 2341 423 2369 vor
442 2330 497 2368 ein
518 2342 611 2381 paar
630 2329 790 2379 Wochen
809 2328 986 2380 gebracht.
1029 2327 1097 2367 Die
1111 2328 1258 2367 Mutter
1279 2326 1424 2365 wickelte
1437 2326 1599 2375 Johann
