1697 2647
754 191 812 203 —
857 169 913 213 88
957 192 1016 204 —

182 278 255 316 Der
289 276 394 328 Wolf
427 276 565 327 fragte:
610 276 708 324 „Wo
751 275 878 326 wohnt
908 276 998 315 denn
1040 276 1141 315 deine
1175 276 1465 328 Großmutter?“
1530 277 1590 316 Da

184 337 284 387 ſagte
312 337 583 388 Rotkäppchen:
615 337 699 387 „In
727 337 805 375 dem
824 336 1013 390 Häuschen
1043 336 1099 375 bei
1128 337 1189 376 der
1214 337 1348 389 großen
1372 337 1515 387 Eiche.“
1541 361 1593 364 —

183 397 326 447 „Willft
353 398 399 436 du
417 396 474 447 ihr
496 396 589 447 nicht
614 397 671 435 ein
696 396 921 448 Sträußchen
945 397 1222 447 mitnehmen?“
1245 397 1365 448 ſprach
1391 398 1449 436 der
1472 397 1590 447 Wolf.

284 458 344 496 Da
373 458 463 509 ſetzte
489 457 745 508 Rotkäppchen
774 458 840 496 das
868 457 1056 507 Körbchen
1085 458 1206 497 nieder
1234 458 1304 496 und
1332 458 1475 509 pflückte
1503 457 1593 497 viele

181 517 305 568 ſchöne
334 518 507 558 Blumen.
554 517 783 568 Unterdeſſen
803 521 930 557 rannte
954 518 1013 557 der
1036 518 1154 569 Wolf,
1186 518 1223 568 ſo
1244 517 1365 568 ſchnell
1388 531 1424 557 er
1446 520 1587 569 konnte,

179 590 262 627 zum
288 578 480 632 Häuschen
506 579 578 617 und
600 577 809 628 verſchlang
833 578 885 616 die
911 577 1167 629 Großmutter.
1222 578 1331 617 Dann
1358 590 1422 629 zog
1450 591 1487 617 er
1514 577 1591 628 ihre

179 639 329 679 Kleider
359 651 419 690 an,
452 639 541 690 ſetzte
570 639 625 677 die
653 638 785 692 Haube
813 638 878 689 auf
905 639 975 677 und
1005 639 1094 689 legte
1119 638 1183 689 ſich
1212 639 1250 677 in
1278 639 1344 678 das
1372 640 1472 679 Bett.

285 700 324 739 3.
355 699 454 739 Bald
483 699 618 750 darauf
646 702 719 738 trat
737 698 989 750 Rotkäppchen
1017 699 1056 738 in
1085 699 1140 737 die
1159 698 1277 739 Stube
1305 700 1376 738 und
1404 699 1492 750 ging
1510 711 1592 750 zum

181 761 306 800 Bette.
350 760 416 799 Die
436 759 679 812 Großmutter
703 760 767 810 ſah
792 759 877 799 aber
904 772 993 810 ganz
1019 760 1153 799 anders
1179 771 1251 798 aus
1275 759 1332 799 als
1354 760 1456 810 ſonſt.
1504 759 1590 809 „Ei,

180 820 437 872 Großmutter,
460 832 540 859 was
562 820 637 870 haſt
657 821 704 859 du
722 820 784 871 für
803 819 912 871 große
931 819 1108 870 Ohren!“
1125 843 1176 847 —
1193 819 1298 871 „Daß
1317 820 1367 869 ich
1388 819 1460 869 dich
1481 819 1591 870 beſſer

178 880 290 931 hören
313 881 446 920 kann!“
475 905 525 907 —
555 881 639 928 „Ei,
663 880 915 932 Großmutter,
939 892 1020 920 was
1041 880 1116 931 haſt
1136 881 1184 919 du
1202 880 1263 931 für
1281 879 1390 932 große
1409 881 1586 931 Augen!“

177 965 226 969 —
258 941 366 992 „Daß
394 941 445 991 ich
471 940 542 991 dich
569 940 679 991 beſſer
699 940 802 991 ſehen
822 941 958 980 kann!“
987 964 1037 967 —
1069 940 1195 988 „Aber
1224 940 1473 992 Großmutter,
1504 952 1588 979 was

178 1002 240 1053 für
270 1001 372 1040 einen
401 1001 534 1053 großen
562 1001 691 1040 Mund
721 1001 796 1051 haſt
823 1001 912 1040 du!“
941 1025 991 1028 —
1020 1000 1129 1052 „Daß
1153 1000 1205 1050 ich
1232 1000 1303 1050 dich
1333 1000 1439 1051 beſſer
1462 1000 1589 1052 freſſen

179 1062 320 1101 kann!“
353 1061 458 1111 ſchrie
485 1062 544 1100 der
571 1061 691 1109 Wolf.
747 1062 857 1100 Dann
886 1063 937 1100 tat
969 1073 1004 1100 er
1032 1061 1134 1099 einen
1163 1060 1246 1112 Satz
1275 1061 1346 1099 und
1379 1061 1589 1111 verſchlang

177 1123 247 1161 das
273 1134 375 1161 arme
393 1121 660 1172 Rotkäppchen.
704 1122 797 1161 Nun
826 1121 913 1171 legte
941 1134 976 1159 er
1003 1120 1067 1172 ſich
1088 1121 1221 1159 wieder
1248 1120 1286 1159 in
1314 1121 1380 1160 das
1402 1121 1487 1160 Bett
1515 1121 1588 1160 und

176 1184 253 1234 fing
281 1195 330 1222 an
359 1182 522 1221 überlaut
547 1194 590 1233 zu
620 1181 842 1232 ſchnarchen.

282 1243 319 1292 4.
350 1243 407 1282 Da
441 1243 517 1282 kam
551 1243 610 1281 der
648 1243 771 1293 Jäger
805 1242 971 1282 vorüber.
1029 1243 1084 1282 Er
1120 1242 1220 1292 hörte
1253 1243 1318 1281 das
1346 1241 1586 1292 Schnarchen,

177 1306 250 1343 trat
273 1303 312 1342 in
332 1303 385 1341 die
404 1304 511 1357 Hütte
530 1303 603 1341 und
626 1302 689 1353 ſah
709 1303 774 1341 den
794 1303 897 1354 Wolf
915 1303 964 1341 im
980 1303 1088 1342 Bette
1109 1302 1238 1353 liegen.
1279 1302 1399 1352 Schon
1419 1301 1505 1352 nahm
1506 1315 1588 1341 er

175 1364 230 1402 die
250 1363 367 1415 Flinte
395 1375 466 1402 von
494 1364 553 1402 der
571 1363 752 1413 Schulter.
800 1364 857 1402 Da
886 1363 1002 1413 dachte
1026 1376 1081 1402 er:
1111 1362 1294 1412 Vielleicht
1313 1363 1375 1412 hat
1393 1363 1452 1401 der
1472 1363 1587 1410 Böſe⸗

175 1424 280 1474 wicht
318 1424 371 1462 die
406 1424 476 1462 alte
509 1423 609 1475 Frau
647 1423 830 1474 gefreſſen.
891 1424 944 1463 Er
977 1423 1089 1473 nahm
1125 1423 1201 1473 alſo
1238 1422 1308 1473 ſein
1343 1422 1479 1473 Meſſer
1512 1423 1586 1461 und

176 1484 318 1535 ſchlizte
347 1485 422 1523 dem
451 1484 573 1531 Wolfe
602 1485 668 1522 den
698 1483 827 1533 Bauch
856 1484 932 1533 auf.
987 1484 1045 1522 Da
1075 1484 1202 1522 kamen
1231 1483 1483 1534 Rotkäppchen
1513 1483 1586 1521 und

173 1544 228 1583 die
262 1544 503 1596 Großmutter
541 1544 692 1594 heraus.
762 1544 975 1594 Geſchwind
1012 1544 1110 1594 holte
1148 1543 1402 1594 Rotkäppchen
1436 1543 1586 1593 ſchwere

173 1605 314 1645 Steine.
376 1604 501 1644 Damit
533 1604 661 1654 füllten
696 1604 739 1655 ſie
774 1605 850 1643 dem
878 1604 999 1654 Wolfe
1032 1605 1098 1642 den
1135 1603 1215 1643 Leib
1250 1604 1321 1642 und
1354 1602 1487 1653 nähten
1521 1602 1585 1653 ihn

171 1677 229 1716 zu.
291 1665 365 1704 Als
401 1677 436 1703 er
470 1664 684 1716 aufwachte,
723 1665 841 1704 wollte
875 1677 911 1703 er
944 1664 1210 1715 fortſpringen,
1251 1663 1335 1703 aber
1370 1663 1423 1701 die
1458 1663 1586 1703 Steine

172 1738 301 1765 waren
336 1726 372 1775 ſo
406 1725 545 1775 ſchwer,
582 1724 653 1776 daß
686 1737 722 1763 er
750 1724 857 1775 gleich
891 1725 1096 1774 niederſank
1124 1725 1198 1763 und
1229 1724 1290 1775 ſich
1317 1736 1358 1775 zu
1385 1723 1485 1763 Tode
1512 1723 1583 1774 fiel,

275 1786 335 1824 Da
364 1798 486 1824 waren
515 1786 581 1824 alle
609 1785 683 1823 drei
710 1788 901 1836 vergnügt.
949 1786 1020 1824 Der
1040 1786 1165 1836 Jäger
1192 1797 1257 1836 zog
1282 1785 1358 1823 dem
1377 1784 1499 1835 Wolfe
1518 1785 1584 1823 den

170 1846 256 1897 Pelz
276 1845 339 1886 ab.
388 1846 453 1885 Die
473 1845 718 1896 Großmutter
738 1845 786 1896 aß
806 1845 871 1884 den
890 1845 1049 1896 Kuchen,
1082 1846 1156 1884 und
1177 1844 1427 1895 Rotkäppchen
1447 1845 1584 1895 ſprang

168 1906 319 1956 fröhlich
348 1906 435 1955 nach
465 1906 597 1959 Hauſe.

487 2056 576 2107 47.
616 2051 760 2106 Kind
798 2051 905 2105 und
942 2050 1260 2117 Schwalbe.

248 2159 369 2198 Kind:

247 2227 460 2278 Schwalbe:

494 2157 726 2209 „Schwalbe,
758 2157 852 2208 gehſt
880 2157 980 2208 ſchon
1008 2157 1084 2207 fort
1112 2158 1150 2207 ſo
1180 2156 1315 2196 bald?“

491 2227 628 2278 „Kind,
660 2228 731 2266 mir
759 2227 883 2266 wird's
912 2226 987 2277 hier
1015 2238 1085 2277 gar
1111 2238 1154 2277 zu
1182 2226 1263 2266 kalt.

489 2288 577 2327 Will
605 2287 695 2338 nach
724 2292 924 2327 wärmeren
954 2288 1115 2326 Ländern
1144 2287 1317 2325 wandern

489 2360 640 2399 morgen
668 2348 753 2399 früh
783 2348 847 2387 mit
875 2348 921 2387 all
950 2348 1013 2386 den
1043 2350 1219 2387 andern.“
