1726 2666
641 210 691 212 —
746 186 794 221 49
851 210 903 212 —

57 267 135 317 19.

531 293 630 388 k
679 297 812 393 K

917 307 946 389 k
1004 309 1082 391 K

122 494 312 562 Küche
461 495 602 563 Koch
821 496 1041 564 Köchin
1178 496 1411 564 Kuchen

122 577 335 634 Kanne
461 578 618 648 Käſe
819 579 974 636 Korb
1177 579 1366 649 Knopf

123 662 318 718 Klara
466 663 703 719 Kleider
820 664 1063 731 Kragen
1179 664 1417 720 Knoten

124 747 335 802 Knabe
465 747 661 817 Klaſſe
821 748 1042 803 Kreide
1178 747 1347 804 Kreis

123 845 157 912 tz
265 843 424 912 Katze
537 845 684 913 Tatze
820 845 994 913 Mütze
1104 845 1222 913 Netz

266 928 409 996 ſitzen
534 929 706 997 putzen
816 928 971 997 ritzen
1104 929 1292 998 kratzen

549 1120 777 1189 Unſere
816 1119 993 1188 Katze.

165 1233 294 1289 Gebt
338 1233 459 1302 acht!
540 1233 747 1302 Unſere
804 1235 952 1303 Katze
1009 1234 1200 1304 ſchleicht
1257 1236 1342 1304 auf
1399 1236 1487 1291 den

56 1317 268 1373 Boden.
348 1317 479 1386 Jetzt
525 1317 611 1385 ſitzt
654 1318 715 1386 ſie
758 1318 844 1386 auf
891 1317 971 1372 der
1016 1319 1204 1374 Lauer.
1283 1320 1487 1375 Kommt

55 1416 156 1456 nun
217 1401 338 1456 eine
389 1402 577 1468 Maus,
638 1402 680 1470 ſo
739 1401 889 1470 macht
947 1401 1007 1470 ſie
1063 1402 1216 1458 einen
1257 1403 1375 1470 Satz
1420 1436 1485 1439 —

56 1484 153 1540 und
192 1484 283 1539 das
323 1499 471 1540 arme
500 1485 738 1554 Tierchen
778 1485 836 1553 iſt
873 1485 1107 1554 zwiſchen
1146 1486 1299 1554 ihren
1339 1486 1485 1542 Kral⸗

57 1568 149 1623 len.
192 1602 258 1604 —

165 1652 369 1721 Unſere
401 1652 547 1719 Katze
584 1652 732 1721 naſcht
768 1652 876 1721 auch
911 1666 1038 1721 gern.
1102 1652 1313 1708 Einmal
1355 1653 1485 1722 ſtand

57 1736 134 1791 ein
184 1735 362 1792 Teller
419 1735 510 1790 mit
563 1735 713 1805 Milch
772 1736 824 1791 in
883 1736 963 1791 der
1016 1736 1204 1805 Küche.
1290 1737 1486 1806 Schnell

57 1834 156 1875 war
205 1820 264 1889 ſie
310 1820 397 1888 auf
440 1819 545 1873 dem
589 1819 759 1889 Tiſche
801 1820 901 1875 und
952 1819 1092 1875 leckte
1138 1820 1322 1876 daran.
1403 1822 1486 1876 Da

56 1904 155 1959 kam
207 1904 360 1972 unſer
411 1904 560 1959 Nero
609 1903 796 1971 herein.
887 1904 1002 1960 Wie
1051 1904 1109 1972 ſie
1156 1904 1217 1959 da
1264 1904 1482 1973 fauchte!

60 1987 202 2044 Aber
240 1987 319 2042 der
357 1986 477 2041 trieb
521 1986 580 2055 ſie
609 2001 689 2056 zur
716 1988 820 2043 Tür
858 1988 1070 2055 hinaus.

167 2084 333 2143 Mieze,
371 2084 540 2143 Mieze,
575 2084 789 2143 Kätzchen,

164 2173 240 2219 wie
274 2172 389 2230 weich
426 2172 510 2230 ſind
545 2172 672 2219 deine
707 2172 926 2231 Tätzchen!

162 2260 273 2319 Doch
307 2272 399 2307 was
434 2259 481 2318 iſt
515 2259 603 2313 das,
637 2260 690 2306 du
722 2260 899 2319 falſches
936 2260 1069 2307 Tier?

162 2349 237 2395 Du
270 2347 418 2406 kratzeſt
452 2347 560 2405 mich,
595 2360 683 2394 was
716 2349 775 2395 tat
807 2348 861 2406 ich
896 2348 993 2394 dir?
