1675 2674
9 191 99 221 Form
115 193 251 230 zugleich
268 194 318 223 ein
336 193 479 225 Denkakt
495 196 551 225 der
567 196 803 235 Selbſttätigkeit
825 200 888 229 und
904 200 973 230 eine
994 203 1065 238 gute
1082 201 1196 240 Übung
1218 203 1258 232 im
1276 202 1471 242 Sprechen.*)

8 239 104 270 Dabei
126 241 199 278 ſteht
219 242 295 272 alles
315 243 344 272 in
364 243 525 282 innigſtem
547 246 826 285 Zuſammenhang:
858 248 1081 287 Gruppenbild,
1110 251 1382 290 Ergänzungsbild
1405 255 1467 284 und

9 288 209 327 Übungstext.
241 290 283 321 Es
299 292 330 328 iſt
346 293 422 322 noch
440 293 506 323 Zeit
528 303 641 333 genug,
665 305 721 326 aus
744 298 1028 334 geſchriebenen
1045 300 1188 330 Wörtern
1206 301 1470 341 Mitteilungen

8 341 348 376 entgegenzunehmen.
394 342 499 379 Laſſen
524 343 579 373 wir
600 344 674 374 doch
703 346 752 375 die
777 345 902 376 Schüler
930 349 1105 385 zuvörderſt
1130 350 1233 387 ſelbſt
1257 351 1472 388 anſchauen,

8 388 149 418 denken
173 390 244 418 und
268 390 454 427 ſprechen;
478 392 517 429 ſie
540 394 677 423 möchten
700 395 754 431 ſich
778 396 853 432 ſonſt
876 405 912 426 zu
936 397 1002 426 früh
1026 398 1075 427 auf
1090 398 1140 428 die
1158 398 1384 430 Buchweisheit
1404 410 1471 431 ver-

9 437 106 473 laſſen.
158 437 200 467 Ich
233 440 380 476 verweiſe
411 441 464 470 mit
495 441 583 471 allem
615 442 787 473 Nachdruck
821 445 931 475 darauf
960 447 1020 476 und
1050 448 1166 477 möchte
1196 449 1339 486 trotzdem
1373 450 1472 480 meine

11 485 114 515 Fibeln
143 496 203 516 von
231 488 287 517 der
316 488 421 518 erſten
447 489 808 528 Unterrichtsſtunde
840 502 876 523 an
908 495 1024 533 benutzt
1047 496 1164 533 wiſſen,
1201 498 1263 526 und
1293 498 1362 527 dies
1390 502 1474 528 wäre

9 535 79 564 nach
103 536 236 566 meinem
254 536 335 566 Ideal
359 538 416 567 der
439 539 526 575 erſte
543 538 729 578 Schultag,
752 541 808 571 der
824 542 873 572 die
897 543 1032 581 Lernluſt
1054 545 1109 574 des
1125 545 1215 575 einen
1233 545 1352 576 Kindes
1375 547 1470 584 gleich

10 584 213 621 befriedigen,
241 586 312 615 dem
341 587 461 617 andern
485 589 533 618 die
557 589 647 626 Angſt
674 598 730 620 vor
753 591 809 620 der
836 593 1082 623 vermeintlichen
1107 593 1201 631 Plage
1224 595 1315 631 ſofort
1338 596 1471 625 nehmen

11 632 105 668 ſollte;
136 634 233 663 daher
262 635 408 670 erſtrebte
439 636 482 666 ich
513 637 679 667 wiederum
711 639 779 669 eine
810 640 982 671 durchaus
1013 642 1286 679 überſichtliche
1316 644 1472 682 Anlage,

13 680 194 720 Ordnung
217 683 250 712 in
275 684 372 714 allen
398 684 554 723 Dingen.
604 685 667 717 Das
696 690 976 727 erwartungsvolle
1000 691 1077 720 Kind
1099 692 1150 728 ſoll
1173 692 1271 729 ſeines
1300 693 1473 731 Lieblings-

13 731 124 760 buches
147 732 213 761 froh
239 734 364 763 werden
384 735 444 763 und
469 735 603 772 zugleich
627 745 675 765 am
700 737 794 773 erſten
813 738 896 775 Tage
920 739 1070 775 erfahren,
1095 749 1169 770 was
1191 742 1252 771 die
1274 741 1402 772 Schule
1425 742 1473 779 iſt,

13 780 81 808 und
105 780 172 810 wie
195 789 234 810 es
256 782 338 812 dort
361 784 508 820 zugeht.

94 829 167 858 Wer
188 838 244 859 aus
268 830 485 869 Verlegenheit
515 834 590 863 oder
614 834 828 871 Unwiſſenheit
860 837 908 866 die
934 837 1134 876 Ignorierung
1164 839 1219 868 des
1249 840 1472 869 traditionellen

16 876 171 907 Vorrechts
194 879 249 908 der
272 879 567 919 Formalprinzipien
591 883 639 912 bei
663 883 719 913 der
742 884 891 914 Auswahl
916 886 977 915 und
1002 887 1195 924 Anordnung
1218 888 1275 917 des
1299 888 1474 925 Leſetextes

16 926 52 955 im
75 927 328 965 grundlegenden
353 929 415 972 Teil
439 930 495 960 der
518 930 601 961 Fibel
625 932 669 961 als
700 934 901 971 urwüchſig
931 943 999 964 neu
1028 936 1104 965 oder
1130 945 1187 973 gar
1209 937 1254 966 als
1285 937 1472 974 geiſtreich

16 975 200 1012 originell,
224 977 269 1006 als
291 979 624 1014 epochemachende
648 980 804 1019 Großtat
827 983 968 1020 anpreiſt,
992 985 1064 1022 muß
1081 984 1319 1023 Fachkundigen
1344 987 1389 1016 als
1413 996 1468 1016 un-

17 1024 193 1062 wahrhaftig
222 1026 298 1055 oder
327 1027 432 1057 albern
463 1029 634 1066 anmaßend
663 1029 843 1067 erſcheinen.
890 1032 932 1061 Es
960 1033 1020 1070 gab
1050 1034 1078 1063 in
1109 1034 1164 1063 der
1186 1033 1469 1073 Entwicklungsge-

20 1071 132 1106 ſchichte
161 1074 216 1103 des
245 1075 338 1111 erſten
365 1076 614 1112 Leſeunterrichts
644 1079 711 1109 eine
741 1079 874 1110 Periode
905 1098 931 1101 —
962 1083 1022 1111 und
1052 1083 1090 1118 ſie
1120 1083 1202 1112 hatte
1232 1092 1311 1120 ganz
1344 1085 1471 1114 hervor-

18 1122 149 1158 ragende
174 1122 326 1153 Vertreter
354 1141 378 1145 —
408 1126 447 1155 da
475 1135 539 1156 war
567 1128 622 1157 das
650 1128 838 1166 phonetiſche
869 1130 991 1167 Prinzip
1020 1131 1109 1166 alles,
1145 1132 1240 1161 Inhalt
1267 1133 1328 1161 und
1366 1132 1474 1163 Gehalt

17 1169 116 1200 nichts.
162 1171 220 1200 Zur
243 1171 391 1203 Blütezeit
414 1175 470 1204 der
492 1175 682 1214 Normalſatz-
710 1178 770 1207 und
797 1177 1097 1214 Leſeſtückmethode
1120 1181 1227 1210 wurde
1260 1189 1295 1210 es
1322 1181 1472 1217 ſchreiend

16 1219 167 1255 ignoriert.
205 1220 300 1251 Heute
317 1222 417 1252 laufen
432 1224 524 1254 beide
537 1224 721 1263 Richtungen
744 1227 772 1256 in
786 1227 846 1256 den
865 1225 1022 1264 kraſſeſten
1037 1229 1470 1267 Ausartungserſcheinungen

17 1269 194 1304 unverſöhnt
223 1270 476 1302 nebeneinander
505 1273 566 1302 her.
610 1274 665 1304 Hie
689 1275 795 1305 Form!
830 1276 885 1306 Hie
909 1275 1019 1306 Sache!
1049 1294 1073 1297 —
1105 1278 1177 1308 Eins
1206 1279 1236 1314 ſo
1266 1280 1383 1308 extrem
1412 1281 1472 1308 und

18 1318 198 1347 verwerflich
223 1319 281 1349 wie
305 1321 361 1350 das
385 1322 510 1351 andere.
554 1323 642 1352 Auch
667 1324 744 1353 hier
768 1325 802 1360 iſt
825 1325 884 1354 die
908 1325 1010 1355 Mitte
1033 1335 1098 1355 nur
1120 1327 1273 1364 golden!

96 1367 270 1404 Allerdings
300 1369 336 1398 ist
367 1378 401 1398 es
430 1369 552 1406 ſchwer,
581 1372 646 1407 ſehr
675 1371 797 1408 ſchwer,
829 1374 914 1403 allen
947 1375 1150 1413 berechtigten
1180 1376 1372 1413 Prinzipien:
1400 1377 1469 1406 dem

16 1412 218 1452 Sachprinzip,
242 1417 312 1445 dem
336 1418 548 1455 phonetiſchen
564 1419 693 1458 Prinzip,
715 1422 785 1451 dem
810 1423 1075 1461 kalligraphiſchen
1100 1426 1161 1454 und
1182 1424 1467 1462 orthographiſchen

16 1461 144 1500 Prinzip,
173 1464 242 1494 dem
268 1465 541 1497 Konzentrations-
565 1469 624 1498 und
649 1469 860 1508 Kunſtprinzip
889 1472 1041 1509 möglichſt
1069 1473 1272 1511 gleichmäßig
1295 1475 1374 1503 oder
1395 1475 1468 1504 doch

15 1511 164 1548 organiſch
188 1514 405 1550 ausgleichend
429 1517 549 1552 gerecht
571 1526 606 1546 zu
631 1519 766 1548 werden.
811 1519 886 1549 Wer
914 1537 939 1540 —
962 1521 1019 1550 wie
1044 1521 1085 1550 ich
1115 1539 1139 1542 —
1170 1523 1353 1552 wiederholt
1376 1523 1471 1559 dieſer

15 1560 116 1589 Arbeit
145 1561 197 1597 ſich
226 1563 382 1599 gründlich
413 1566 571 1602 unterzog,
601 1567 690 1604 weiß,
719 1569 832 1598 welche
864 1569 957 1598 Mühe
984 1570 1021 1605 ſie
1050 1571 1177 1606 fordert;
1206 1572 1281 1601 aber
1308 1580 1343 1601 es
1368 1573 1397 1608 iſt
1423 1573 1470 1602 für

15 1609 62 1638 ihn
91 1610 161 1639 auch
185 1611 303 1648 gewiß:
331 1613 387 1642 der
410 1613 630 1644 Nachahmer
652 1616 725 1652 (und
750 1617 799 1646 die
823 1617 1137 1656 Nachahmungsſucht
1159 1620 1265 1656 ſcheint
1289 1621 1468 1658 epidemiſch

15 1658 74 1687 und
98 1658 206 1688 immer
228 1661 418 1690 unehrlicher
441 1671 477 1691 zu
494 1664 629 1700 werden)
653 1665 729 1694 muß
747 1665 987 1704 Seitenſprünge
1012 1669 1134 1698 machen
1159 1670 1220 1698 und
1245 1669 1470 1700 Purzelbäume

17 1705 159 1744 ſchlagen,
184 1709 260 1738 muß
283 1718 320 1738 zu
354 1709 541 1747 Spielerei
569 1713 629 1742 und
654 1713 834 1750 Künſtelei
864 1716 944 1752 ſeine
974 1716 1105 1746 Zuflucht
1132 1718 1276 1754 nehmen,
1308 1719 1386 1748 muß
1408 1719 1469 1755 ſtatt

17 1753 167 1793 Ordnung
183 1757 405 1794 mindeſtens
421 1759 613 1798 Unordnung
624 1762 735 1798 bieten,
746 1763 835 1799 ſonſt
847 1764 938 1794 wird
952 1765 1015 1794 das
1029 1765 1178 1800 „Genie“ nicht entdeckt.
1193 1767 1281 1795 „Genie“ nicht entdeckt.
1294 1768 1467 1796 „Genie“ nicht entdeckt.

96 1804 212 1834 Getreu
240 1806 322 1836 blieb
345 1808 386 1836 ich
415 1809 531 1838 endlich
562 1811 632 1839 auch
662 1811 793 1841 meinem
825 1813 904 1842 alten
929 1813 1119 1852 Grundſatze:
1150 1815 1253 1844 Alles
1281 1824 1322 1844 zu
1351 1816 1470 1851 ſeiner

17 1852 105 1887 Zeit,
135 1862 186 1883 am
216 1856 358 1885 rechten
388 1855 452 1886 Ort
485 1859 554 1887 und
583 1860 640 1888 auf
667 1860 725 1889 die
759 1862 874 1891 rechte
903 1862 1031 1898 Weiſe!
1068 1880 1093 1883 —
1128 1864 1261 1893 meinem
1290 1864 1469 1894 ſachunter-

16 1901 190 1932 richtlichen
222 1903 397 1941 Lehrgang.
446 1905 500 1935 Bei
531 1907 788 1938 willkommenem
818 1908 989 1939 Schneefall
1018 1921 1066 1940 um
1107 1911 1262 1949 Sylveſter
1291 1913 1369 1942 wird
1399 1922 1466 1943 man

17 1949 67 1984 ſich
98 1953 400 1990 vernünftigerweiſe
433 1955 510 1984 nicht
544 1964 603 1985 von
633 1957 691 1986 den
721 1958 1020 1989 Annehmlichkeiten
1051 1961 1107 1990 des
1136 1960 1297 1991 Sommers
1328 1963 1389 1991 und
1420 1963 1467 1992 bei

18 1998 101 2036 luſtig
122 2000 351 2036 erfriſchendem
369 2001 455 2032 Bade
472 2012 509 2032 an
527 2004 658 2034 Johanni
675 2006 750 2034 nicht
768 2015 828 2035 von
850 2007 909 2036 den
927 2007 1112 2046 Vergnügen
1135 2010 1192 2039 des
1209 2009 1344 2039 Winters
1368 2012 1467 2040 unter-

21 2046 127 2077 halten.
146 2047 268 2079 Gerade
281 2050 330 2080 die
344 2051 755 2090 bedeutungsvollſten,
769 2054 819 2083 die
836 2055 1096 2093 allgemeinen,
1110 2058 1150 2086 im
1166 2057 1269 2088 Leben
1284 2059 1341 2088 des
1355 2059 1469 2089 Kindes

20 2094 143 2126 immer
172 2098 530 2130 wiederkehrenden
558 2102 702 2137 „Höhen-
731 2104 792 2132 und
821 2103 1076 2141 Wendepunkte“
1107 2107 1197 2136 fallen
1231 2107 1261 2137 in
1289 2116 1382 2144 ganz
1405 2109 1467 2138 be-

19 2143 164 2178 ſtimmte
182 2146 347 2184 Abſchnitte
370 2149 426 2178 des
450 2149 571 2179 Jahres.
601 2151 739 2181 Veilchen
764 2152 873 2188 pflückt
896 2162 966 2183 man
989 2155 1064 2184 nicht
1085 2171 1111 2175 —
1133 2163 1167 2185 es
1189 2156 1268 2192 ſeien
1292 2157 1374 2186 denn
1392 2166 1468 2186 ver-

20 2192 167 2230 ſpätete,
192 2196 356 2232 zeitloſe!
376 2214 400 2217 —
417 2198 458 2226 im
472 2197 576 2234 Herbſt
589 2200 649 2228 und
664 2198 750 2237 Äpfel
768 2201 844 2230 nicht
860 2201 899 2230 im
913 2201 1069 2240 Frühling.
1093 2203 1156 2234 Das
1170 2204 1340 2241 Chriſtkind
1353 2206 1469 2235 kommt

20 2241 90 2270 nicht
119 2252 156 2272 an
187 2243 292 2280 Oſtern
328 2246 390 2274 und
420 2247 477 2276 der
508 2246 663 2285 Oſterhaſe
692 2249 769 2278 nicht
799 2258 837 2279 an
872 2250 1099 2282 Weihnachten.
1149 2253 1241 2283 Wohl
1271 2254 1390 2283 flattern
1420 2255 1469 2284 die

23 2288 197 2321 Schwalben
223 2293 281 2322 den
305 2303 424 2330 ganzen
444 2295 588 2325 Sommer
604 2297 746 2327 hindurch
772 2307 808 2328 an
833 2308 891 2328 uns
908 2300 1051 2337 vorüber,
1074 2302 1135 2331 und
1159 2302 1234 2331 doch
1251 2303 1397 2339 ſchenken
1414 2301 1475 2332 wir

99 2394 116 2418 *)
132 2393 180 2414 Wer
197 2396 265 2415 daran
282 2396 364 2416 keinen
381 2396 485 2418 Gefallen
501 2397 576 2419 finden
592 2398 659 2424 ſollte,
675 2400 713 2420 der
728 2399 771 2425 leſe
787 2400 822 2421 bis
837 2406 875 2421 zur
891 2401 1029 2428 Einführung
1043 2403 1108 2424 zwei-
1123 2404 1167 2424 und
1183 2404 1343 2430 mehrlautiger
1359 2404 1441 2426 Wörter
1448 2416 1465 2419 —

24 2423 64 2456 und
78 2424 145 2445 damit
160 2425 197 2446 hat
212 2431 244 2450 es,
260 2426 328 2451 ſollen
344 2427 384 2452 ſich
400 2428 436 2449 die
454 2428 548 2450 Kleinen
563 2430 619 2451 nicht
634 2436 660 2451 zu
676 2431 725 2452 früh
740 2431 780 2452 mit
795 2432 845 2452 dem
861 2431 1017 2458 ſchwierigſten
1030 2434 1082 2455 Akte
1098 2435 1139 2455 des
1155 2434 1242 2460 Leſens,
1262 2435 1312 2455 dem
1329 2435 1468 2460 Zuſammen-

21 2454 101 2480 ziehen,
116 2456 235 2482 abmühen,
251 2458 318 2483 lange
335 2458 380 2479 Zeit
396 2471 420 2473 —
437 2465 477 2480 nur
493 2459 528 2480 die
544 2460 564 2481 in
582 2461 699 2486 Fettſchrift
715 2462 920 2488 aufgenommenen
938 2463 1104 2490 Interjektionen
1121 2466 1164 2486 und
1182 2465 1422 2491 Nachahmungslaute.
