1703 2662
210 200 302 229 ihnen
324 200 397 229 nach
422 200 502 230 ihrer
524 200 724 230 Wiederkehr
751 202 813 231 und
841 201 937 231 ihrem
961 202 1088 239 Nestbau
1116 203 1205 232 kaum
1233 205 1321 233 mehr
1343 204 1485 234 weiteres
1509 205 1654 243 Interesse.

209 248 273 278 Nur
293 248 342 278 die
365 248 485 278 frechen
509 248 633 286 Spatzen
656 250 780 280 werden
805 258 863 279 uns
887 250 995 280 immer
1017 252 1077 280 und
1100 252 1208 281 immer
1230 252 1348 282 wieder
1370 253 1522 283 auffallen.
1655 269 1658 271 ;

292 296 354 326 Das
378 297 457 327 Kind
481 306 538 327 vor
560 298 647 327 allem
674 298 736 328 lebt
757 299 865 336 geiſtig
888 299 1088 337 vorwiegend
1116 301 1144 330 in
1167 301 1222 330 der
1243 300 1477 339 Gegenwart.
1520 303 1561 333 Es
1582 304 1655 340 ſteht

209 346 250 374 im
274 345 380 375 Banne
402 346 459 375 der
475 346 803 377 Unmittelbarkeit
826 348 888 377 und
912 348 989 379 wird
1006 349 1152 385 beſtimmt
1174 350 1264 379 durch
1287 350 1348 379 den
1370 350 1653 389 überwältigenden

210 393 358 423 Eindruck
379 394 477 430 ſeiner
499 395 694 432 Umgebung.
738 395 802 425 Das
825 397 898 433 muß
921 405 979 426 uns
1002 397 1049 426 ein
1067 397 1157 427 Wink
1179 398 1248 434 ſein,
1273 399 1346 428 auch
1369 399 1408 428 im
1432 399 1596 430 Unterricht
1617 410 1654 430 an

209 443 267 472 das
290 442 527 481 anzuſchließen,
551 452 615 473 was
637 444 693 473 das
716 444 794 474 Kind
818 445 862 473 im
881 445 1003 475 Leben
1026 446 1263 476 unmittelbar
1285 447 1447 476 berührt.
1485 447 1565 478 Nicht
1586 449 1654 478 eine

209 490 399 528 phantaſtiſch
416 492 777 530 zusammengeſtoppelte
794 492 956 529 Buchwelt,
979 494 1059 530 nein,
1083 494 1150 524 eine
1165 495 1359 531 feſſelnde,
1380 495 1654 534 ſtimmungsvolle

211 539 577 569 Wirklichkeitswelt
604 541 654 576 ſoll
680 541 732 577 ſich
760 549 817 571 vor
839 542 910 571 dem
933 542 1022 579 Auge
1051 543 1106 572 des
1134 542 1275 573 Schülers
1302 544 1461 574 entrollen.
1504 545 1584 575 Nicht
1605 546 1654 576 ein

207 588 437 624 zerſtreuendes
461 589 694 618 Kunterbunt
715 606 740 610 —
760 590 1284 627 Verlegenheitskunterbunt!!!
1307 609 1349 628 —,
1373 594 1456 622 wohl
1473 594 1546 623 aber
1564 603 1653 632 orga-

207 635 301 674 niſche
330 636 521 675 Gliederung
561 638 621 667 und
661 638 780 675 inniger
816 639 1106 678 Zuſammenſchluß,
1153 640 1272 670 Einheit
1311 642 1361 671 bei
1401 642 1651 679 anſprechendem

208 684 351 721 Wechſel,
381 693 462 715 vom
491 685 704 716 Lernenden
739 688 841 723 ſelbſt
868 688 1115 724 durchſchaute
1143 689 1345 719 Harmonie
1372 691 1423 720 auf
1448 691 1539 729 jeder
1564 691 1653 721 Stufe

205 733 245 768 ſei
270 734 406 770 erſtrebt;
439 734 513 764 alles
549 735 619 764 nach
649 736 716 764 dem
748 735 857 773 Gange
887 737 947 766 und
979 737 1033 766 der
1055 736 1204 775 Ordnung
1234 739 1290 767 der
1320 738 1423 774 Natur,
1452 740 1515 782 der
1543 740 1654 770 Natur

210 781 254 811 im
283 781 403 812 Leben
432 783 496 812 des
527 783 673 813 Kindes.
716 784 796 813 Nicht
826 785 899 814 nach
929 785 1000 814 dem
1028 786 1313 821 „naturkundlichen
1344 787 1491 825 Prinzip
1514 789 1571 826 (?!)
1599 790 1654 819 der

209 830 277 859 vier
298 830 541 866 Jahreszeiten“,
572 832 696 868 ſondern
720 834 792 862 nach
815 833 992 870 objektiven
1016 835 1076 863 und
1099 834 1296 873 ſubjektiven
1323 835 1575 874 Naturgeſetzen!

292 878 356 909 Von
379 880 480 916 dieſen
498 880 589 909 Ideen
612 881 729 916 beſeelt,
751 882 867 911 machte
891 882 931 911 ich
954 882 1029 911 mich
1045 883 1196 912 abermals
1219 883 1286 913 an’s
1303 883 1409 920 Werk,
1433 886 1495 915 und
1517 886 1653 924 obgleich

208 926 252 956 ich
275 935 376 964 gegen
400 928 469 958 eine
485 928 649 966 Verirrung
671 929 724 959 der
742 930 1160 968 Individualitätspädagogik
1182 931 1285 961 Sturm
1309 932 1399 969 laufe,
1423 933 1519 969 ſuchte
1540 935 1583 964 ich
1605 936 1653 965 bei

208 976 266 1005 der
286 976 406 1014 Anlage
429 977 547 1007 meiner
570 977 673 1007 Fibeln
696 979 751 1007 das
776 979 1096 1009 Individualitätsrecht
1118 981 1174 1010 des
1196 980 1340 1010 Schülers
1363 982 1430 1011 und
1452 983 1509 1012 des
1524 983 1654 1014 Lehrers

208 1025 417 1062 grundſätzlich
441 1034 477 1055 zu
494 1026 628 1055 wahren.
666 1025 746 1056 Doch
770 1027 830 1056 will
854 1028 994 1065 trotzdem
1017 1028 1106 1058 keine
1129 1037 1188 1058 von
1212 1029 1304 1059 ihnen
1321 1030 1390 1059 eine
1407 1031 1653 1066 „Allerwelts-

210 1072 317 1101 fibel“
340 1073 416 1109 ſein:
445 1074 520 1110 ſonſt
542 1074 668 1104 würden
696 1075 725 1111 ja
746 1076 823 1105 nicht
848 1076 928 1105 drei
952 1077 1187 1114 gleichzeitig
1208 1077 1237 1107 in
1261 1078 1311 1107 die
1333 1078 1439 1108 Lande
1462 1080 1567 1110 ziehen
1591 1082 1652 1111 und

206 1121 277 1150 eine
301 1121 396 1151 vierte
420 1122 510 1151 ihnen
533 1122 645 1160 folgen.
680 1123 762 1153 Aber
784 1124 826 1153 ich
851 1133 915 1154 war
930 1125 1026 1155 heuer
1047 1126 1105 1155 wie
1127 1126 1234 1155 immer
1257 1126 1394 1162 bemüht,
1418 1136 1474 1157 aus
1498 1129 1553 1158 mir
1571 1129 1653 1166 ſelbſt

209 1170 321 1199 heraus
345 1170 453 1200 Fibeln
482 1180 519 1200 zu
543 1170 677 1208 ſchaffen,
711 1172 770 1202 die
795 1182 873 1202 man
898 1181 963 1203 vor
985 1174 1064 1203 aller
1086 1174 1177 1203 Welt
1198 1175 1336 1211 getroſt
1358 1176 1493 1214 zeigen
1515 1178 1594 1207 darf
1621 1195 1646 1199 —

207 1218 286 1247 auch
310 1225 368 1247 vor
391 1218 449 1248 der
470 1220 708 1257 vernünftigen:
732 1221 794 1250 und
817 1221 904 1257 jeder
924 1222 1121 1259 fachkundige
1143 1223 1203 1252 und
1227 1224 1369 1260 gerechte
1386 1223 1556 1256 Beurteiler
1578 1227 1652 1257 wird

206 1266 265 1295 das
288 1266 547 1304 ausgeſprochen
575 1268 779 1298 individuelle
803 1269 951 1308 Gepräge
979 1272 1101 1300 meiner
1123 1270 1245 1302 Bücher
1271 1272 1441 1303 erkennen
1469 1275 1533 1304 und
1560 1282 1652 1305 aner-

209 1314 349 1344 kennen.
393 1315 459 1345 Ihre
487 1317 597 1354 größte
623 1316 766 1354 Eigenart
796 1318 871 1348 aber
900 1319 1078 1349 offenbaren
1100 1320 1138 1356 ſie
1167 1320 1194 1348 in
1224 1320 1281 1349 der
1309 1321 1459 1358 logiſchen
1489 1323 1549 1353 und
1578 1324 1652 1354 doch

206 1363 390 1393 natürlichen
408 1364 607 1402 Konsequenz
629 1366 684 1395 der
697 1366 855 1396 einzelnen
875 1367 1167 1405 Unterrichtsgänge,
1190 1368 1218 1397 in
1240 1369 1296 1398 der
1312 1370 1561 1408 ungekünstelten
1578 1372 1651 1402 Ver-

205 1411 356 1449 einigung
377 1413 433 1442 der
456 1413 683 1451 verſchiedenen
708 1414 1009 1453 Unterrichtszweige
1032 1416 1084 1446 mit
1105 1417 1205 1446 einem
1228 1418 1495 1457 wurzelkräftigen
1518 1419 1650 1451 Stamm-

210 1460 376 1496 unterricht,
408 1462 438 1490 in
475 1462 562 1491 ihrer
590 1462 793 1500 organiſchen
829 1463 1105 1502 Vollſtändigkeit:
1141 1466 1234 1495 alles
1272 1475 1334 1496 zur
1357 1467 1652 1507 Vereinfachung

205 1508 273 1537 des
298 1508 591 1546 Schulbetriebs,
620 1520 682 1540 zur
710 1512 995 1549 lebensfriſchen
1018 1513 1226 1551 Geſtaltung
1249 1515 1314 1545 des
1333 1515 1568 1553 Unterrichts,
1591 1527 1652 1547 zur

210 1556 410 1595 Erhöhung
446 1559 510 1588 des
547 1559 753 1596 Intereſſes,
795 1570 858 1590 zur
893 1561 1110 1600 Förderung
1143 1563 1206 1592 der
1243 1562 1555 1602 Selbſttätigkeit,
1590 1576 1652 1596 zur

206 1603 436 1639 Steigerung
458 1607 523 1636 der
546 1608 745 1638 kindlichen
771 1609 886 1639 Kraft!

287 1653 379 1683 Wohl
402 1655 570 1693 verlangen
593 1657 664 1686 auch
687 1657 741 1686 wir
762 1658 812 1687 die
836 1658 1085 1696 Herausbildung
1106 1659 1190 1689 einer
1205 1659 1449 1698 Perſönlichkeit,
1471 1663 1554 1693 einer
1577 1663 1648 1693 Per-

207 1702 376 1738 ſönlichkeit
399 1704 474 1733 aber
489 1704 529 1733 im
555 1704 647 1735 Sinne
669 1706 725 1735 des
741 1705 949 1743 Organismus
972 1708 1027 1737 der
1049 1708 1216 1744 „beſeelten
1234 1708 1450 1746 Geſellſchaft“.
1488 1710 1596 1749 Gewiß
1617 1713 1648 1748 iſt

203 1750 256 1780 die
290 1750 715 1791 Perſönlichkeitspädagogik
746 1755 802 1784 der
841 1756 1003 1785 natürliche
1036 1756 1154 1786 Anwalt
1188 1757 1246 1786 des
1282 1758 1647 1791 Individualitätsrechtes.

209 1799 303 1828 Allein
330 1800 369 1836 ſie
392 1801 424 1837 iſt
445 1810 502 1830 nur
524 1802 572 1831 ein
594 1802 708 1838 halber,
736 1803 785 1832 ein
809 1804 1045 1840 umſichtsvoller
1066 1804 1494 1844 Vermittelungsanwalt,
1520 1809 1575 1839 der
1597 1810 1647 1839 mit

202 1848 311 1877 einem
335 1848 425 1886 Auge
447 1850 497 1879 auf
517 1850 616 1886 ſeinen
639 1850 787 1887 Klienten,
811 1852 864 1881 mit
885 1853 955 1882 dem
979 1853 1092 1882 andern
1116 1854 1186 1882 nach
1209 1854 1281 1883 dem
1307 1854 1463 1889 „Geſetze“
1486 1857 1580 1887 blickt.

477 1898 571 1933 „Das
598 1898 710 1937 Geſetz
736 1909 803 1929 nur
828 1901 922 1930 kann
950 1910 1016 1931 uns
1040 1902 1200 1932 Freiheit
1227 1904 1382 1939 geben!“

267 1945 449 1983 Kräftigung
470 1947 527 1976 des
548 1947 674 1977 Willens
696 1948 727 1984 iſt
751 1949 828 1978 nicht
848 1949 961 1987 Ätzung
983 1950 1038 1979 des
1061 1950 1288 1988 Eigenwillens,
1312 1951 1489 1991 Erziehung
1507 1955 1563 1984 des
1585 1955 1645 1984 Un-

206 1994 372 2031 mündigen
400 1995 476 2024 nicht
501 1995 733 2033 Unterwerfung
755 1997 811 2027 des
840 1998 1019 2036 Mündigen.
1062 1998 1118 2028 Die
1145 1999 1385 2036 Konſequenzen
1414 2002 1470 2032 des
1492 2004 1646 2033 extremen

206 2041 661 2081 Individualitätsevangeliums
682 2046 790 2075 führen
814 2047 994 2084 notwendig
1015 2056 1084 2076 zum
1107 2046 1378 2085 Subjektivismus,
1402 2067 1428 2070 —
1453 2067 1478 2071 —
1496 2060 1549 2080 zur
1571 2053 1645 2081 voll-

205 2091 358 2127 ſtändigen
389 2091 563 2130 Auflösung
598 2094 653 2123 des
682 2093 879 2130 Kleinſtaates
910 2094 1056 2131 „Schule“
1086 2113 1124 2116 —
1150 2105 1217 2125 zum
1248 2096 1493 2134 Hofmeiſtertum
1523 2100 1645 2137 ſonder-

205 2139 350 2175 gleichen.
388 2140 463 2169 Zum
479 2140 600 2171 Wollen
623 2142 694 2179 muß
716 2142 769 2179 ſich
789 2143 846 2173 das
868 2143 983 2179 Sollen,
1005 2153 1073 2174 zum
1090 2144 1193 2174 Sollen
1209 2145 1259 2174 die
1275 2145 1339 2181 Tat,
1362 2155 1417 2176 zur
1432 2147 1487 2177 Tat
1506 2148 1555 2178 die
1571 2149 1645 2178 Ver-

205 2188 411 2225 antwortung,
433 2198 502 2218 zum
520 2189 607 2219 Recht
628 2190 677 2220 die
700 2190 802 2220 Pflicht
823 2192 965 2229 geſellen.
1002 2193 1053 2222 Mit
1074 2193 1129 2222 der
1143 2193 1402 2232 Willensenergie
1425 2197 1497 2234 muß
1518 2197 1571 2233 ſich
1587 2197 1646 2227 Ge-

204 2236 434 2273 fühlsinnigkeit
456 2246 579 2274 paaren,
602 2238 682 2268 Kraft
704 2239 757 2268 mit
771 2239 907 2276 Wärme,
937 2241 1030 2270 Liebe
1057 2242 1108 2270 mit
1131 2240 1248 2271 Stärke.
1293 2242 1348 2272 Ein
1373 2243 1541 2275 Charakter
1565 2247 1645 2275 ohne

201 2283 316 2313 Gemüt
337 2285 414 2322 ſtößt
437 2286 492 2321 ab;
517 2286 556 2315 im
576 2288 765 2317 normativen
783 2288 943 2326 Ebenmaß
966 2298 1023 2319 nur
1044 2290 1116 2327 liegt
1137 2291 1192 2320 das
1217 2288 1352 2321 Edle.

896 2396 931 2434 L.
959 2396 996 2434 F.
1020 2394 1540 2445 Göbelbecker-Konſtanz.
