1689 2650
498 144 652 186 Verlag
681 153 760 178 von
782 144 880 179 Otto
904 145 1086 187 Nemnich
1115 145 1157 179 in
1181 145 1354 188 Leipzig.

546 267 1299 356 Unterrichtspraxis

405 373 458 412 im
486 374 615 413 Sinne
645 374 955 423 naturgemäßer
984 375 1441 425 Reformbeſtrebungen

500 444 543 476 für
563 444 615 470 das
638 444 833 477 Geſamtgebiet
853 446 899 471 des
914 445 1000 477 erſten
1021 445 1194 478 Schuljahres
1215 446 1268 471 und
1289 445 1345 478 ihre

378 496 566 531 Theoretiſche
587 497 784 529 Begründung
804 504 870 524 vom
891 498 1097 530 Standpunkte
1116 499 1166 525 der
1186 499 1470 531 Kinderpſychologie

736 549 789 567 von
809 542 839 568 L.
857 542 891 574 F.
908 542 1110 569 Göbelbecker.

219 593 234 618 I.
257 593 322 619 Teil.
366 593 604 627 Methodologiſche
625 594 855 627 Monographien.
894 595 976 628 Preis
998 596 1055 628 geh.
1076 595 1139 621 Mk.
1159 596 1233 628 3,80;
1254 596 1310 628 geb.
1332 596 1392 622 Mk.
1414 598 1482 628 4,50.

207 628 234 653 II.
257 628 323 654 Teil.
367 629 543 662 Lehrproben,
564 629 796 663 methodologiſche
817 630 1003 663 Einzelwinke,
1025 631 1158 663 Gedichte,
1178 631 1279 663 Lieder,
1299 631 1398 664 Spiele,
1420 631 1519 664 Rätſel.
1560 631 1643 664 Preis

366 664 422 697 geh.
443 664 504 690 Mk.
523 665 597 697 4,20;
618 664 676 697 geb.
696 665 758 691 Mk.
779 667 847 697 5,—.

207 699 267 724 Das
287 699 430 730 komplette
451 700 531 726 Werk
552 699 607 734 (bei
627 699 769 733 Abnahme
790 700 878 727 beider
897 701 980 736 Teile)
1001 701 1115 734 geheftet
1135 702 1198 727 Mk.
1219 703 1272 733 7,—
1287 710 1292 733 ;
1314 702 1451 734 gebunden
1472 702 1499 727 in
1514 703 1530 727 2
1547 702 1644 727 Bände

367 734 427 760 Mk.
448 736 501 766 8,—
514 744 518 766 ;
540 735 615 761 beide
636 735 708 761 Teile
729 736 876 769 zuſammen
897 736 924 762 in
945 736 1019 762 einen
1042 736 1123 763 Band
1144 737 1283 769 gebunden
1303 744 1355 763 nur
1375 737 1435 763 Mk.
1456 738 1525 769 7,50.

746 835 1104 921 Lehrluſt.

312 929 362 954 Ein
383 928 486 962 Führer
507 930 582 963 durch
604 931 654 956 den
674 931 820 964 Unterricht
839 931 874 956 im
895 931 974 964 erſten
995 931 1137 964 Schuljahr
1158 938 1211 957 von
1236 932 1267 958 L.
1282 932 1316 963 F.
1333 931 1535 958 Göbelbecker.

628 975 711 1005 Preis
732 975 789 1007 geh.
810 974 871 1001 Mk.
893 976 963 1007 1,80;
985 975 1042 1007 geb.
1063 975 1125 1001 Mk.
1147 976 1217 1007 2,10.

204 1063 361 1134 Der
402 1064 884 1152 Hemmſchuh
931 1066 1066 1137 des
1110 1066 1644 1152 Fortſchrittes

376 1162 482 1232 im
524 1162 763 1247 erſten
803 1162 1463 1248 Schulunterricht.

291 1266 356 1292 Eine
377 1266 679 1300 kritiſch⸗pädagogiſche
699 1267 794 1293 Studie
819 1276 870 1294 von
890 1269 921 1296 L.
938 1270 971 1301 F.
989 1269 1192 1296 Göbelbecker.
1233 1268 1315 1301 Preis
1337 1269 1392 1301 geh.
1414 1268 1475 1294 Mk.
1496 1269 1566 1298 0,40.

288 1357 421 1411 Das
458 1357 1124 1422 rechenunterrichtliche
1164 1355 1555 1422 Sachprinzip

207 1438 233 1462 in
256 1437 339 1469 ſeiner
357 1436 515 1470 hiſtoriſchen
536 1437 721 1470 Entwicklung
742 1437 889 1470 dargeſtellt
908 1437 961 1462 und
982 1444 1043 1462 vom
1063 1436 1256 1468 Standpunkte
1277 1436 1322 1461 der
1341 1442 1453 1460 neueren
1474 1435 1646 1467 Pſychologie

272 1472 327 1499 und
348 1472 491 1505 einheitlich
512 1472 702 1506 organiſierten
725 1472 1022 1506 Volksſchulerziehung
1044 1472 1186 1504 beleuchtet
1205 1479 1258 1497 von
1277 1471 1308 1497 L.
1325 1471 1358 1502 F.
1376 1470 1577 1496 Göbelbecker.

630 1516 713 1549 Preis
735 1517 792 1549 geh.
812 1516 874 1542 Mk.
894 1517 965 1547 2,50;
987 1516 1044 1548 geb.
1065 1516 1128 1542 Mk.
1148 1517 1218 1547 3,20.

373 1597 945 1669 Göbelbecker's
994 1596 1469 1682 Liederſchatz

287 1695 347 1735 für
370 1695 423 1729 die
446 1694 643 1736 Unterſtufe
666 1695 736 1729 und
761 1694 984 1736 gemeinſame
1009 1693 1232 1735 Schülerfeſte
1257 1693 1316 1727 der
1340 1691 1554 1733 Volksſchule

373 1746 421 1772 mit
440 1746 778 1779 Originalkompoſitionen
798 1753 851 1772 von
870 1746 901 1772 L.
916 1746 1083 1776 Baumann,
1104 1745 1150 1771 W.
1167 1745 1282 1776 Decker,
1304 1744 1339 1775 F.
1356 1743 1474 1770 Neuert.

765 1790 847 1823 Preis
868 1790 937 1816 kart.
957 1791 991 1815 40
1012 1789 1078 1822 Pfg.

462 1869 1375 1957 „Normalſchieſertaſel“‘

734 1974 787 1992 von
806 1966 837 1993 L.
854 1966 888 1998 F.
905 1966 1108 1992 Göbelbecker.

296 2020 346 2046 Die
367 2020 498 2053 Abſtände
519 2020 564 2045 der
579 2019 674 2046 Linien
691 2019 851 2053 entſprechen
866 2020 914 2045 den
931 2018 1155 2051 Anforderungen
1176 2018 1222 2044 der
1241 2017 1386 2049 neueſten
1406 2016 1644 2048 Kalligraphie

204 2056 257 2082 und
288 2055 434 2089 Hygiene
461 2055 493 2081 in
524 2054 626 2088 beſter
654 2055 765 2088 Weiſe.
810 2055 864 2081 Der
892 2054 980 2081 Raum
1008 2054 1053 2087 für
1081 2053 1121 2079 die
1150 2052 1400 2085 Grundbuchſtaben
1425 2051 1453 2084 iſt
1480 2052 1556 2083 durch
1582 2050 1644 2083 bloß

206 2090 362 2123 eingeritzte,
386 2092 431 2116 der
450 2090 492 2124 für
512 2097 581 2123 ganz
601 2090 680 2123 lange
702 2090 865 2124 Buchſtaben
885 2090 959 2122 durch
980 2090 1035 2114 rote
1052 2088 1146 2115 Linien
1168 2088 1299 2120 begrenzt,
1320 2087 1438 2119 wodurch
1460 2086 1517 2112 dem
1539 2086 1644 2112 kleinen

206 2126 346 2159 Anfänger
366 2125 406 2152 die
426 2125 618 2158 Orientierung
638 2126 691 2151 und
713 2126 770 2152 dem
790 2125 887 2158 Lehrer
907 2125 940 2150 im
962 2124 1042 2157 erſten
1059 2123 1312 2156 Schreibunterricht
1332 2123 1371 2148 die
1388 2121 1482 2148 Arbeit
1502 2121 1644 2154 ungemein

206 2161 349 2194 erleichtert
371 2161 407 2194 iſt.
447 2160 575 2187 Überdies
598 2161 713 2194 befindet
733 2160 775 2194 ſich
797 2161 843 2194 auf
863 2161 907 2186 der
928 2159 1060 2192 Rückſeite
1081 2160 1126 2185 der
1146 2159 1226 2191 Tafel
1245 2158 1285 2184 ein
1306 2158 1333 2184 in
1353 2157 1491 2190 Fünfer,
1518 2157 1644 2189 Zehner

205 2197 259 2223 und
280 2196 430 2229 Hunderter
457 2196 616 2228 abgeteiltes
643 2196 832 2228 Quadratnetz,
858 2195 966 2228 welches
994 2195 1037 2227 ſich
1065 2202 1110 2227 zur
1138 2193 1384 2227 wohlgruppierten
1407 2192 1577 2225 Darſtellung
1599 2193 1643 2217 der

206 2232 406 2264 Grundzahlen,
432 2231 475 2265 für
501 2232 551 2257 den
579 2231 699 2265 ſpäteren
726 2231 836 2264 Aufbau
863 2232 907 2257 der
934 2230 1085 2263 Hunderter
1111 2230 1165 2255 und
1194 2229 1235 2255 die
1257 2228 1440 2261 überſichtliche
1462 2227 1643 2260 Veranſchau⸗

204 2267 307 2300 lichung
332 2267 378 2293 des
402 2266 570 2293 Einmaleins
595 2266 624 2293 in
648 2266 844 2300 vorzüglichſter
867 2265 950 2299 Weiſe
971 2265 1066 2298 eignet.
1106 2265 1175 2298 Auch
1201 2265 1253 2297 ſind
1273 2264 1317 2297 für
1337 2264 1387 2289 das
1408 2264 1446 2295 II.,
1469 2263 1519 2294 III.,
1542 2262 1592 2293 1IV.,
1614 2262 1643 2287 V.

205 2302 347 2336 Schuljahr
366 2302 503 2336 beſondere
528 2302 626 2335 Tafeln
654 2301 803 2335 erſchienen,
827 2303 881 2327 und
902 2301 946 2327 der
973 2300 1054 2333 große
1076 2300 1167 2333 Abſatz
1192 2299 1334 2332 ſämtlicher
1354 2299 1436 2324 Arten
1458 2297 1486 2331 iſt
1506 2297 1580 2330 wohl
1600 2298 1644 2322 der

204 2337 269 2367 beſte
291 2337 400 2364 Beweis
419 2337 463 2371 für
482 2337 537 2370 ihre
559 2337 663 2371 äußerſt
683 2337 844 2370 praktiſchen
864 2336 995 2369 Vorzüge.

311 2381 370 2408 Wir
397 2381 489 2415 liefern
513 2380 554 2407 die
575 2381 673 2415 Tafeln
692 2381 720 2407 in
743 2381 849 2415 Päcken
873 2388 926 2406 von
950 2380 973 2413 je
993 2381 1027 2406 25
1048 2380 1128 2406 Stück
1156 2387 1214 2412 zum
1235 2378 1397 2411 Nettopreiſe
1417 2385 1470 2403 von
1491 2377 1554 2403 Mk.
1570 2378 1642 2408 6,50.

206 2419 363 2449 Emballage
382 2417 430 2447 frei
450 2416 503 2443 und
523 2416 622 2449 franko
643 2416 713 2450 jeder
735 2415 921 2449 Bahnſtation.
