1663 2670
487 610 576 659 Ein
609 610 764 660 Wort
806 624 1021 660 voraus.

104 749 166 779 Der
183 759 263 779 neue
282 750 540 787 Unterrichtsplan
558 750 671 779 kommt
688 750 808 779 meinen
826 750 1175 786 Reformbeſtrebungen
1192 750 1242 778 auf
1258 750 1330 779 dem
1347 749 1476 779 Gebiete

22 800 78 828 des
106 799 365 836 grundlegenden
396 798 578 828 Unterrichts
605 799 633 827 in
662 799 875 835 erfreulichſter
897 799 995 835 Weiſe
1024 800 1178 836 entgegen
1208 799 1270 827 und
1298 799 1474 835 ermöglicht

25 848 90 882 mir,
114 857 176 877 nun
203 857 271 876 zum
293 848 451 883 erſtenmal
476 848 672 885 unterſtützt
695 848 800 876 durch
825 848 963 876 amtlich
987 848 1174 877 bindende
1194 847 1477 884 Verfügungen,

23 897 73 925 die
102 896 198 931 Fibel,
227 896 306 925 mein
336 896 474 925 Lebens-
499 897 559 925 und
588 896 842 933 Lieblingswerk,
874 897 962 926 einen
987 897 1131 926 weiteren
1160 895 1267 925 Schritt
1294 896 1380 933 jener
1401 896 1475 925 Ver-

27 945 282 982 vollkommnung
319 946 639 982 entgegenzuführen,
674 945 732 974 die
764 946 811 973 ich
850 946 961 982 längſt
996 946 1052 974 ins
1096 945 1197 982 Auge
1232 946 1371 982 gefaßt,
1404 945 1478 974 aber

27 994 55 1022 in
81 994 259 1022 Anbetracht
282 994 336 1022 der
359 994 544 1030 gegebenen
563 994 766 1029 Verhältniſſe,
795 995 850 1023 der
878 993 1081 1023 Gewohnheit
1107 995 1163 1023 der
1190 994 1305 1023 Lehrer
1333 995 1394 1023 und
1424 994 1480 1023 der

30 1042 283 1078 Anforderungen
307 1043 362 1071 der
385 1043 578 1079 Inſpektoren
601 1051 665 1072 nur
687 1043 894 1071 ſtufenweise
920 1043 1193 1071 verwirklichen
1216 1043 1366 1072 konnte.

109 1090 173 1119 Neu
198 1091 226 1126 ist
250 1091 277 1119 in
303 1091 425 1120 meinen
451 1091 556 1120 Fibeln
581 1099 636 1121 vor
659 1092 762 1120 allem:

111 1139 135 1167 1.
159 1139 214 1168 Die
242 1140 382 1176 ſtrenge
407 1140 617 1177 Anpaſſung
648 1150 688 1169 an
719 1141 787 1170 den
819 1149 937 1170 neuen
963 1140 1291 1176 Unterrichtsplan,
1324 1140 1352 1169 in
1382 1140 1478 1169 allen

30 1188 106 1216 drei
130 1188 231 1216 Teilen
256 1189 317 1217 und
345 1189 374 1217 in
403 1189 498 1218 allen
528 1189 914 1226 Lehrgegenſtänden,
943 1189 1015 1218 auch
1043 1189 1070 1218 in
1099 1189 1169 1218 dem
1192 1189 1266 1224 ſonst
1289 1197 1326 1217 zu
1352 1188 1479 1217 Unrecht

31 1236 90 1264 und
114 1245 181 1265 zum
206 1237 335 1273 größten
354 1237 482 1267 Nachteil
506 1238 534 1273 ſo
557 1238 787 1273 ſtiefmütterlich
804 1238 1009 1267 behandelten
1027 1237 1479 1273 Rechtſchreibunterricht.

112 1284 138 1313 2.
163 1284 217 1313 Die
242 1285 550 1323 Vervollſtändigung
573 1287 627 1315 der
649 1287 884 1323 organischen
908 1285 1135 1322 Gliederung
1158 1286 1218 1314 und
1243 1286 1292 1314 die
1316 1286 1480 1321 blattweiſe

31 1332 200 1370 Beiſetzung
215 1334 269 1363 der
286 1333 548 1371 Buchdispoſition
572 1334 599 1363 in
617 1335 671 1363 der
687 1335 771 1363 Fibel
795 1334 878 1370 ſelbſt
897 1351 921 1354 —
941 1335 995 1363 der
1011 1334 1291 1370 Zuſammenſchluß
1308 1335 1364 1363 der
1379 1333 1481 1363 Bilder

29 1390 63 1409 zu
80 1381 448 1419 Familiengruppen,
471 1383 498 1411 in
516 1383 614 1412 denen
632 1384 740 1412 immer
757 1383 873 1412 wieder
888 1383 1039 1418 dieſelben
1059 1383 1173 1412 Kinder
1188 1383 1348 1412 auftreten.
1378 1383 1407 1411 In
1427 1383 1482 1412 der

31 1430 183 1460 Familie
212 1432 338 1460 wurzelt
367 1430 554 1469 nährkräftig
580 1433 635 1461 das
664 1433 768 1461 wahre
793 1431 999 1461 Seelenleben
1027 1433 1083 1461 des
1110 1432 1236 1461 Kindes.
1282 1424 1480 1461 Familien-

33 1478 249 1513 geſchichten
272 1480 352 1514 ſeien
368 1481 477 1508 darum
493 1480 710 1516 insbeſondere
735 1481 762 1509 in
787 1481 903 1509 meiner
922 1481 1171 1517 „Jugendluſt“
1189 1481 1335 1517 geboten,
1360 1479 1480 1509 Szenen

33 1535 88 1555 aus
111 1527 179 1555 dem
206 1527 309 1556 Leben
333 1529 389 1557 des
414 1528 528 1557 Kindes
556 1529 582 1557 in
611 1529 705 1564 seiner
729 1528 909 1565 Beziehung
931 1538 966 1557 zu
991 1529 1073 1557 Haus
1097 1529 1157 1558 und
1181 1528 1299 1564 Schule,
1326 1538 1363 1557 zu
1387 1528 1480 1558 Nach-

33 1575 106 1604 barn
131 1576 190 1604 und
216 1576 389 1611 Freunden,
418 1586 454 1606 zu
480 1577 591 1613 Menſch
617 1578 675 1607 und
702 1578 779 1612 Tier,
808 1587 843 1607 zu
869 1578 999 1606 Himmel
1028 1578 1088 1606 und
1112 1578 1202 1613 Erde,
1230 1587 1264 1607 zu
1291 1577 1393 1607 Sturm
1421 1578 1481 1607 und

33 1623 109 1660 Blitz,
137 1633 172 1653 zu
198 1624 302 1661 Regen
332 1626 393 1654 und
419 1625 545 1661 Schnee,
573 1635 626 1655 zur
649 1627 754 1655 Kultur
782 1627 842 1655 und
868 1626 969 1655 Natur.
993 1644 1017 1646 —
1045 1627 1306 1664 Handlungen,
1334 1627 1395 1656 und
1424 1634 1484 1655 nur

34 1672 248 1710 Handlungen,
277 1674 327 1702 die
354 1675 445 1703 durch
474 1674 540 1703 Bild
568 1676 628 1704 und
649 1675 746 1710 Wort,
774 1676 863 1704 durch
889 1675 984 1704 Inhalt
1011 1676 1071 1704 und
1096 1675 1187 1704 Form
1215 1675 1264 1704 die
1295 1675 1483 1712 tatenluſtige

34 1721 155 1758 Jugend
180 1722 430 1758 herausfordern,
456 1732 492 1751 an
516 1722 609 1752 Stelle
632 1724 686 1753 des
711 1724 888 1759 „fremden“
914 1724 985 1758 Ichs,
1009 1724 1053 1752 ihr
1075 1724 1227 1761 eigenes
1252 1724 1299 1753 Ich
1324 1733 1360 1752 zu
1383 1724 1482 1761 ſetzen.

112 1770 140 1798 3.
165 1770 226 1800 Der
248 1772 344 1800 reiche
370 1772 574 1808 künſtleriſche
597 1772 831 1808 Bilderſchmuck
852 1773 880 1801 in
904 1773 981 1802 allen
1003 1773 1066 1802 drei
1084 1773 1197 1808 Teilen,
1219 1773 1287 1802 edel
1312 1773 1373 1801 und
1391 1773 1482 1801 nobel

37 1817 64 1845 in
90 1817 192 1853 Motiv,
217 1819 306 1849 Form
331 1821 391 1849 und
416 1821 524 1856 Farbe,
549 1830 598 1850 um
622 1821 716 1857 ſeiner
739 1822 951 1858 allſeitigen
969 1821 1153 1858 Bedeutung
1168 1822 1290 1858 gerecht
1306 1830 1342 1850 zu
1359 1821 1482 1850 werden

36 1867 97 1894 und
115 1875 170 1896 vor
193 1867 282 1897 allem
300 1869 354 1897 der
370 1869 500 1898 wirklich
525 1870 723 1899 äſthetiſchen
748 1869 960 1906 Erziehung
983 1871 1037 1899 der
1053 1870 1176 1907 Jugend
1199 1879 1236 1899 zu
1259 1870 1371 1899 dienen
1394 1870 1482 1898 durch

34 1915 83 1943 die
111 1915 256 1945 Auswahl
286 1925 347 1946 von
377 1917 522 1954 Themen,
557 1919 666 1947 welche
694 1919 764 1948 dem
793 1919 1051 1956 wohlerzogenen
1081 1919 1356 1955 ſechsjährigen
1387 1919 1484 1948 Kinde

36 1964 95 1992 und
119 1964 173 1993 der
196 1966 411 2002 vernünftigen
435 1967 577 2003 Aufgabe
600 1967 655 1996 der
678 1966 786 1996 Schule
809 1967 932 2003 allſeitig
958 1968 1160 2004 entſprechen.
1205 1967 1333 2003 Lachen,
1357 1967 1482 1996 herzlich

37 2011 137 2041 lachen
159 2013 250 2049 ſollen
274 2014 324 2043 die
347 2014 447 2044 lieben
466 2015 603 2044 Kleinen.
638 2015 734 2045 Allein
758 2016 863 2045 weder
886 2025 922 2045 an
946 2016 1030 2045 Max-
1054 2016 1115 2045 und
1132 2014 1484 2053 Moritz-Streichſzenen,

39 2061 111 2089 noch
125 2070 160 2090 an
173 2062 496 2097 ſinnenaffizierenden
509 2064 831 2100 Buntſcheckkleckſen,
849 2066 953 2094 weder
966 2073 1003 2093 an
1017 2065 1108 2094 tollen
1121 2064 1483 2101 Gaſſenbubengeſchich-

39 2110 98 2143 ten,
119 2111 190 2139 noch
207 2120 243 2140 an
261 2112 508 2148 ſchrullenhaften
525 2113 822 2148 Modekarikaturen,
845 2114 973 2149 ſondern
991 2122 1027 2142 an
1045 2113 1150 2142 echter
1166 2113 1255 2149 Kunſt
1270 2113 1363 2149 ſollen
1379 2113 1416 2149 ſie
1431 2113 1483 2149 ſich

38 2159 185 2194 ergötzen.
228 2158 283 2189 Die
307 2161 412 2190 wahre
436 2161 609 2198 Erziehung
632 2162 661 2198 iſt
684 2162 761 2191 nicht
785 2161 1127 2199 Launenbefriedigung
1150 2162 1210 2190 und
1227 2161 1484 2197 Momentbeluſti-

37 2214 132 2243 gung,
156 2207 282 2242 ſondern
301 2209 550 2246 Veredelung,
576 2210 797 2247 Icherſtarkung
820 2211 857 2239 im
883 2210 1002 2246 Dienſte
1025 2211 1081 2240 des
1097 2209 1248 2245 Schönen,
1265 2210 1401 2239 Wahren
1425 2210 1485 2239 und

38 2254 147 2284 Guten.
191 2256 324 2287 Niemals
351 2258 431 2287 kann
461 2259 517 2287 das
541 2258 658 2296 Prinzip
687 2260 742 2288 der
764 2259 1045 2296 Naturgemäßheit,
1074 2260 1124 2296 ſoll
1152 2268 1186 2288 es
1214 2259 1290 2288 nicht
1318 2258 1390 2287 tolle
1416 2258 1485 2287 Ein-

38 2304 182 2341 ſeitigkeit
210 2307 369 2344 predigen,
400 2308 483 2336 ohne
513 2307 665 2345 Einſchluß
695 2309 751 2337 des
783 2308 1066 2345 teleologiſchen
1097 2308 1270 2337 Momentes
1298 2315 1368 2336 zum
1391 2299 1485 2343 päda-

39 2353 197 2390 gogiſchen
222 2353 358 2392 Oberſatz
381 2356 559 2393 geſtempelt
582 2358 716 2385 werden.
761 2356 920 2392 Erſtreben
943 2357 996 2385 wir
1018 2357 1106 2386 einen
1131 2356 1307 2391 Unterricht,
1336 2356 1390 2384 der
1412 2355 1487 2384 nicht

39 2410 94 2430 nur
120 2403 190 2431 dem
214 2403 403 2440 Augenblick
431 2405 524 2440 dient,
554 2405 681 2441 ſondern
712 2405 764 2434 mit
794 2406 864 2434 dem
896 2405 995 2434 erſten
1024 2404 1129 2435 Schritt
1155 2404 1358 2441 wegführend
1387 2404 1485 2433 einem

39 2450 223 2488 ſtufenweiſe
247 2462 283 2482 zu
300 2453 517 2482 erreichenden
534 2454 670 2483 höheren
688 2454 770 2483 Ziele
794 2454 940 2490 zuſteuert
958 2471 983 2474 —
1003 2454 1268 2489 allenthalben,
1293 2453 1366 2482 auch
1389 2452 1417 2481 in
1433 2453 1488 2482 der
