1688 2660
247 1462 369 1576 Ich
364 1461 520 1534 bin
515 1459 681 1533 der
673 1458 869 1531 alte
871 1434 1254 1550 Nikolaus.

247 1573 543 1647 Komm'
521 1586 718 1644 nur
709 1567 969 1683 herbei,
954 1560 1098 1653 Du
1068 1560 1320 1653 dicker
1308 1549 1584 1657 Klaus.

247 1687 413 1760 Soll
406 1686 562 1802 Dich
550 1684 746 1757 und
1227 1676 1576 1793 beſcheren.
738 1679 1223 1802 Schweſterchen

1313 1792 1560 1907 hören.
1132 1792 1311 1910 Euch
942 1837 1126 1867 von
612 1798 728 1913 ich
404 1800 612 1915 muß
247 1800 413 1918 Doch
736 1793 954 1915 Gutes

247 1983 407 2057 Wie
389 1981 561 2100 haſt
557 1981 718 2055 Dus
706 1998 833 2054 in
825 1978 983 2052 der
992 1975 1205 2097 Schul'
1181 1973 1604 2091 getrieben?

241 2095 400 2207 Biſt
391 2096 518 2167 Du
500 2094 691 2209 recht
681 2093 861 2167 brav
871 2090 1055 2163 und
1024 2090 1295 2205 fromm
1281 2084 1652 2205 geblieben?

255 2208 521 2327 Erzähl'
499 2227 696 2280 mir
684 2204 904 2278 alles
895 2203 1112 2320 ſchön
1109 2199 1506 2322 geſchwind!

251 2320 445 2394 Und
410 2323 642 2394 dann
637 2319 831 2435 auch
823 2320 953 2408 Du,
961 2333 1205 2390 mein
1197 2313 1425 2387 liebes
1421 2310 1636 2384 Kind.

1443 2424 1620 2471 L.F.G.
