1645 2605
170 187 445 222 künſtleriſchen
479 185 869 223 Geſchmacksbildung
902 186 958 215 des
992 194 1049 215 uns
1085 186 1360 223 pflegbefohlenen
1389 187 1514 217 Kindes.
1559 188 1625 217 Alle

170 234 346 268 Erziehung
367 235 405 268 ſei
427 235 628 268 naturgemäß
649 235 715 264 und
739 235 937 264 normativ!

249 283 278 312 4.
301 282 359 312 Die
382 283 638 320 angeſchloſſenen
661 282 1019 320 Ergänzungsbildchen,
1041 283 1108 312 teils
1132 292 1186 312 zur
1210 283 1358 313 weiteren
1379 283 1542 322 Belebung
1564 285 1626 314 und

171 330 398 368 Bereicherung
411 331 468 360 der
483 331 647 368 Phantaſie,
670 331 738 361 teils
755 340 809 360 zur
824 331 1027 369 Auflöſung
1048 332 1104 361 der
1119 331 1322 369 Handlung
1344 332 1400 362 des
1415 333 1627 370 zugehörigen

170 378 421 416 Gruppenbildes
434 379 465 409 in
475 379 557 415 ſeine
579 380 776 409 einzelnen
800 380 891 409 Akte
915 380 975 409 und
998 380 1093 409 damit
1114 389 1169 409 zur
1186 379 1378 418 Steigerung
1393 381 1455 410 und
1471 380 1629 418 Schulung

169 428 225 456 der
240 426 477 464 Selbſttätigkeit
498 428 526 457 in
548 429 604 457 der
626 428 829 465 ergötzenden
852 428 915 457 und
937 428 1208 458 zweckdienlichen
1233 428 1514 467 Bildbetrachtung,
1537 430 1629 465 ſowie

169 484 223 504 zur
244 476 434 511 rationellen,
457 476 620 511 einfachen,
643 477 718 506 aber
740 476 960 514 erfolgreichen
984 475 1217 514 Sprachpflege,
1241 477 1346 506 wobei
1375 477 1464 514 jedes
1490 478 1629 508 einzelne

171 522 314 553 Bildchen
336 525 396 553 den
420 524 536 562 Lippen
558 525 615 554 des
638 525 754 554 Kindes
777 525 867 554 einen
891 525 967 555 oder
988 526 1065 555 zwei
1089 524 1175 562 Sätze
1199 525 1334 555 ablockt:
1358 525 1628 556 Klein-Mäuschen

170 570 217 607 (S.
236 571 284 608 13)
307 572 350 609 ißt
372 572 431 608 ſein
456 571 638 602 Butterbrot.
676 571 739 602 Der
761 572 853 610 Mops
877 574 993 603 möchte
1019 582 1053 603 es
1077 575 1150 603 auch
1174 582 1263 611 gern.
1309 574 1350 603 Er
1372 575 1479 604 nimmt
1502 583 1537 604 es
1557 575 1628 604 dem

170 619 279 649 Kinde.
323 619 370 649 Da
391 620 483 650 weint
506 620 667 650 Mäuschen
691 621 851 650 bitterlich:
877 629 918 650 m.

250 668 279 697 5.
303 667 360 698 Die
383 668 841 706 Untereinanderſtellung
871 670 927 699 der
955 670 1050 706 erſten
1080 669 1270 706 Buchſtaben
1302 680 1372 700 zum
1397 671 1504 701 Zwecke
1506 671 1622 701 ihrer

170 716 335 751 ſchärferen
359 716 536 754 Isolierung.

250 763 279 793 6.
303 763 361 793 Die
383 765 619 802 ausſchließliche
640 765 861 803 Verwendung
884 766 1014 795 kurzer
1035 767 1097 796 und
1121 767 1323 802 einfacher,
1347 768 1547 798 kindlicher
1568 769 1629 797 und

171 812 463 849 anſprechender
478 812 737 851 Erzählungen
755 814 816 843 und
833 813 1004 844 Gedichte
1021 831 1048 835 —
1068 815 1114 845 als
1130 815 1416 854 Originalbeiträge
1432 817 1509 846 oder
1522 815 1629 847 Gaben

171 861 440 898 hervorragender
461 861 766 897 Kinderſchriftſteller
787 863 843 892 der
858 862 994 892 Neuzeit.
1012 879 1038 884 —
1058 862 1385 902 Beſchreibungen
1407 865 1520 895 fanden
1541 865 1629 895 keine

172 909 355 944 Aufnahme,
378 910 441 939 und
463 910 537 939 doch
559 910 652 939 findet
680 919 752 940 man
775 911 847 940 auch
871 911 930 940 den
947 910 1241 947 Schneemannbau,
1264 914 1326 942 den
1351 913 1428 942 Lauf
1445 914 1501 943 der
1515 912 1629 946 Sonne,

171 957 231 986 den
254 956 358 992 Wind,
388 957 448 987 den
476 956 696 994 Schulſchrank,
725 959 785 988 den
815 958 915 994 Hund,
943 960 1000 989 das
1031 959 1219 995 Kaninchen,
1249 961 1312 991 den
1342 960 1456 991 Garten
1486 970 1522 991 zu
1551 962 1628 991 allen

170 1004 383 1035 Jahreszeiten
413 1015 441 1034 u.
461 1006 556 1043 dergl.
572 1005 709 1036 Themen
739 1008 905 1042 vertreten;
933 1008 1009 1037 aber
1036 1008 1078 1037 ich
1108 1009 1191 1038 male
1212 1009 1336 1045 jeweils
1364 1010 1433 1039 eine
1457 1010 1629 1047 Handlung,

170 1053 239 1082 eine
262 1051 440 1089 Geſchichte,
462 1054 509 1083 ein
531 1054 711 1084 natürliches
728 1054 914 1089 Erlebnis,
937 1056 999 1085 und
1028 1064 1098 1085 nur
1113 1055 1325 1093 Erlebniſſe
1347 1067 1413 1088 aus
1436 1059 1501 1088 der
1522 1058 1630 1087 wirk-

172 1101 284 1130 lichen
301 1101 527 1131 Kinderwelt
549 1102 619 1132 und
637 1101 881 1133 Situationen
904 1112 969 1133 aus
992 1104 1071 1133 dem
1096 1105 1451 1141 phantasiereichen
1474 1106 1628 1137 Kinder-

172 1150 314 1178 traume
337 1149 434 1184 ſeien
456 1150 510 1179 für
533 1150 622 1180 Herz
646 1151 716 1180 und
739 1150 870 1181 Gemüt
891 1152 1036 1185 geboten.

254 1197 282 1226 7.
306 1196 363 1226 Die
387 1197 492 1234 Typen
522 1198 578 1227 der
600 1198 808 1234 Druckſchrift:
838 1200 939 1229 wobei
970 1201 1084 1236 vorerſt
1107 1200 1315 1231 Offenbacher
1339 1202 1468 1232 Fraktur
1496 1204 1632 1240 gewählt

175 1246 291 1275 wurde.

256 1293 373 1323 Getreu
404 1294 485 1323 blieb
513 1295 555 1323 ich
577 1295 746 1325 wiederum
774 1296 845 1325 dem
870 1296 1337 1336 Konzentrationsprinzip
1361 1302 1449 1329 unter
1473 1299 1631 1337 Einſchluß

173 1342 232 1371 des
255 1341 424 1377 Rechnens,
451 1350 541 1372 wenn
564 1343 636 1372 auch
664 1352 721 1372 aus
748 1344 803 1373 der
826 1344 1016 1379 „Kindfibel“
1046 1346 1107 1375 und
1133 1346 1353 1383 „Jugendluſt“
1376 1348 1426 1377 die
1453 1348 1633 1378 Zahlbilder

173 1390 410 1427 ausgeſchieden
434 1391 569 1420 wurden.

256 1437 374 1468 Getreu
390 1438 473 1468 blieb
495 1439 538 1468 ich
561 1439 633 1468 auch
649 1440 784 1469 meinem
799 1441 899 1478 ſtreng
914 1441 1168 1479 ſtufenmäßigen,
1190 1443 1347 1474 lückenlos
1369 1445 1431 1474 und
1453 1445 1529 1474 doch
1553 1445 1631 1480 raſch

173 1486 391 1516 aufbauenden
416 1486 588 1524 Lehrgang.
632 1486 697 1518 Das
720 1489 794 1525 erſte
818 1488 962 1519 Büchlein
985 1490 1015 1526 iſt
1037 1491 1109 1520 dem
1134 1490 1234 1521 Kinde
1257 1492 1351 1530 heilig
1378 1493 1440 1522 und
1467 1493 1536 1529 ſolls
1559 1494 1632 1523 auch

175 1533 314 1569 bleiben;
345 1543 407 1564 von
429 1535 489 1564 ihm
512 1538 652 1565 erwartet
678 1545 713 1566 es
736 1538 826 1572 alles;
858 1546 892 1567 es
915 1538 974 1567 will
995 1538 1046 1568 die
1070 1538 1156 1569 Fibel
1184 1540 1262 1569 nicht
1290 1541 1353 1570 acht
1375 1540 1458 1577 Tage
1485 1542 1630 1578 benutzen

175 1582 237 1611 und
266 1583 348 1612 dann
377 1592 431 1612 zur
453 1583 516 1612 Zeit
544 1584 599 1613 der
629 1584 930 1624 Lückenausfüllung
960 1586 1076 1616 wieder
1103 1588 1341 1625 wochenlang
1369 1596 1426 1618 aus
1457 1589 1514 1619 der
1540 1589 1629 1619 Hand

175 1630 281 1667 legen;
310 1631 348 1666 ſie
377 1632 428 1667 ſoll
456 1632 502 1660 für
525 1632 639 1661 Lehrer
666 1633 728 1662 und
752 1632 881 1663 Schüler
908 1635 958 1664 ein
986 1635 1084 1664 direkt
1114 1636 1388 1673 zuverläſſiger
1410 1637 1537 1667 Kanon
1568 1638 1629 1672 ſein

175 1678 237 1708 und
260 1678 384 1708 bleiben
407 1680 467 1709 und
489 1688 543 1709 zur
565 1679 792 1718 Erleichterung
818 1682 876 1711 des
899 1682 1034 1712 Lehrens
1056 1683 1119 1712 und
1144 1683 1293 1720 Lernens,
1320 1693 1374 1714 zur
1395 1686 1632 1716 unmittelbaren

177 1725 397 1765 Orientierung
418 1728 479 1757 und
502 1727 739 1765 Ermöglichung
760 1730 816 1759 der
841 1729 1076 1768 Selbſttätigkeit
1105 1731 1134 1761 in
1163 1732 1260 1766 allem
1289 1734 1340 1762 ein
1361 1733 1491 1764 Ganzes
1518 1734 1634 1764 bieten.

176 1773 323 1804 Dennoch
352 1776 453 1806 haben
481 1776 554 1805 auch
580 1776 630 1806 die
656 1777 801 1813 kleinſten
826 1778 989 1809 Wörtchen
1012 1778 1088 1809 Sinn
1116 1781 1178 1809 und
1202 1779 1323 1816 Gehalt,
1350 1782 1406 1811 der
1433 1782 1526 1812 ihnen
1556 1783 1634 1813 nicht

175 1823 231 1859 erſt
254 1823 345 1852 durch
373 1824 441 1854 eine
467 1823 632 1860 Geſchichte
660 1825 818 1855 verliehen
847 1828 971 1857 werden
1002 1828 1086 1865 muß,
1116 1828 1248 1864 ſondern
1276 1839 1333 1860 aus
1358 1831 1418 1860 den
1442 1839 1500 1860 vor
1521 1831 1632 1868 Augen

175 1871 342 1909 liegenden
373 1872 494 1903 Bildern
521 1874 735 1909 herausſtrahlt
761 1874 839 1904 oder
865 1876 956 1904 durch
987 1876 1037 1906 die
1064 1884 1387 1915 vorausgegangenen
1416 1877 1633 1917 Erzählungen

176 1920 239 1949 und
267 1919 518 1959 Beſprechungen
547 1922 693 1958 illuſtriert
716 1922 805 1952 wird:
834 1932 859 1952 z.
880 1922 913 1952 B.
931 1922 964 1954 S.
984 1924 1020 1953 13
1042 1932 1062 1954 u
1086 1925 1294 1963 (Einführung
1314 1926 1370 1955 des
1396 1926 1493 1961 erſten
1516 1926 1634 1963 Konſo-

176 1968 304 2005 nanten)
326 1969 427 2005 ſchreit
449 1970 497 1999 die
519 1970 618 2000 kleine
640 1970 740 2006 Maus,
767 1978 797 2000 m
821 1971 912 2001 weint
934 1972 982 2007 ſie,
1006 1980 1024 2002 e
1047 1973 1105 2002 ruft
1126 1973 1183 2002 der
1204 1972 1334 2003 Bruder.
1357 1991 1382 1995 —
1407 1973 1441 2004 S.
1460 1975 1495 2005 15
1519 1975 1529 2005 f
1551 1976 1636 2012 ziſcht

175 2016 227 2045 die
250 2015 344 2052 Gans,
368 2018 388 2052 i,
411 2025 430 2047 u
452 2018 552 2054 ſchreit
573 2018 622 2048 die
643 2019 792 2055 beſtürzte
808 2019 925 2055 Kleine,
948 2020 976 2049 in
999 2021 1060 2050 den
1074 2020 1191 2051 Lauten
1214 2029 1234 2051 o
1251 2029 1271 2051 a
1287 2023 1316 2051 ei
1338 2023 1404 2059 gibt
1426 2024 1484 2053 der
1504 2024 1635 2054 helden-

177 2064 294 2101 mütige
327 2064 447 2095 Bruder
476 2066 572 2102 ſeiner
599 2066 855 2105 Verwunderung
886 2068 964 2098 über
992 2068 1042 2098 die
1073 2068 1229 2099 Kühnheit
1257 2071 1314 2100 der
1343 2070 1431 2101 Gans
1459 2072 1637 2108 Ausdruck;

176 2120 195 2141 e
219 2112 320 2149 (etſch)
342 2114 400 2143 ruft
420 2114 476 2144 das
499 2115 605 2151 erlöſte
621 2116 856 2153 Angſthäschen.
877 2133 902 2136 —
925 2115 957 2146 S.
973 2116 1013 2146 20
1034 2116 1055 2152 f,
1079 2124 1121 2152 m,
1144 2125 1175 2152 u,
1195 2125 1226 2147 w
1248 2118 1311 2154 ſind
1333 2119 1384 2149 die
1401 2119 1555 2150 Stimmen
1578 2121 1636 2151 des

177 2160 322 2196 Windes;
352 2169 405 2191 wo
427 2162 469 2199 (iſt
491 2171 525 2192 er
545 2163 653 2193 denn?
687 2164 731 2193 Ich
753 2164 822 2200 ſehe
845 2165 894 2195 ihn
916 2165 1030 2201 nicht!).
1060 2182 1086 2186 —
1116 2165 1150 2196 S.
1169 2166 1204 2195 21
1237 2167 1288 2197 die
1317 2167 1434 2197 Kinder
1466 2169 1570 2206 ſingen
1595 2170 1638 2199 la.

178 2208 237 2239 Die
259 2209 346 2239 Kühe
368 2210 529 2240 brummen
553 2219 617 2241 mu.
654 2211 712 2242 Die
735 2212 842 2243 Schafe
864 2213 974 2243 blöken
999 2214 1086 2243 mäh.
1126 2215 1170 2244 ei!
1194 2215 1239 2251 (iſt
1260 2216 1316 2245 das
1339 2216 1388 2246 ein
1411 2215 1580 2254 Geſchrei!)
1604 2235 1629 2239 —

177 2256 212 2286 S.
228 2257 268 2286 23
289 2258 346 2287 das
369 2258 447 2288 Kind
472 2259 617 2295 ſtreichelt
644 2262 701 2290 das
724 2261 879 2298 Kätzchen:
902 2269 932 2291 a.
974 2261 1038 2292 Bös
1061 2262 1206 2300 Kätzchen
1228 2264 1317 2301 kratzt
1345 2265 1403 2294 das
1435 2265 1525 2295 Kind.
1571 2265 1637 2296 Das

176 2306 280 2342 ſchreit
303 2313 361 2336 vor
383 2305 520 2337 Schreck:
543 2316 574 2343 u,
598 2317 655 2338 vor
679 2308 838 2339 Schmerz:
861 2318 913 2341 au.
956 2309 1020 2340 Das
1044 2310 1211 2341 Händchen
1234 2312 1340 2342 blutet.
1371 2312 1437 2344 Das
1460 2314 1540 2344 Kind
1562 2314 1637 2351 bläſt

176 2353 228 2382 die
256 2353 394 2385 Wunde:
422 2355 443 2384 f.
484 2355 565 2386 Karo
588 2357 675 2386 bellt:
705 2365 909 2392 wau—wau,
936 2359 998 2388 und
1028 2358 1127 2389 Mieze
1154 2360 1267 2390 faucht:
1303 2361 1399 2391 miau!
1430 2371 1507 2392 usw.
1548 2361 1637 2399 Dieſe

165 2402 348 2442 mündliche
377 2402 589 2442 Sinndeutung
616 2406 673 2435 der
696 2405 980 2445 Übungswörtchen
1008 2408 1099 2438 durch
1127 2409 1177 2439 die
1206 2408 1331 2440 Schüler
1359 2410 1390 2446 iſt
1416 2411 1447 2440 in
1475 2411 1639 2441 reizender
