<?xml version="1.0" encoding="UTF-8"?>
<PcGts xmlns="http://schema.primaresearch.org/PAGE/gts/pagecontent/2019-07-15" xmlns:xsi="http://www.w3.org/2001/XMLSchema-instance" xsi:schemaLocation="http://schema.primaresearch.org/PAGE/gts/pagecontent/2019-07-15 http://schema.primaresearch.org/PAGE/gts/pagecontent/2019-07-15/pagecontent.xsd">
	<Metadata>
	<Creator></Creator>
	<Created>2020-05-26T13:19:02</Created>
	<LastChange>2020-05-26T13:45:07</LastChange></Metadata>
	<Page imageFilename="00000131.jpg" imageXResolution="300.00000" imageYResolution="300.00000" imageWidth="1707" imageHeight="2654" type="other">
	<TextRegion id="r0" type="heading">
	<Coords points="1455,143 1455,144 1458,144 1458,145 1459,145 1459,153 1476,153 1476,154 1478,154 1478,155 1481,155 1481,156 1482,156 1482,170 1493,170 1493,171 1494,171 1494,176 1493,176 1493,178 1482,178 1482,180 1481,180 1481,182 1480,182 1480,184 1479,184 1479,185 1477,185 1477,186 1472,186 1472,187 1411,187 1411,186 1410,186 1410,181 1409,181 1409,180 1258,180 1258,182 1257,182 1257,183 1256,183 1256,184 1255,184 1255,185 1254,185 1254,186 1253,186 1253,187 1248,187 1248,180 1143,180 1143,181 1123,181 1123,180 1013,180 1013,181 858,181 858,183 857,183 857,185 856,185 856,186 855,186 855,187 853,187 853,188 852,188 852,189 842,189 842,188 840,188 840,187 838,187 838,182 595,182 595,183 133,183 133,184 79,184 79,185 78,185 78,186 77,186 77,187 76,187 76,188 75,188 75,189 73,189 73,190 62,190 62,189 61,189 61,188 59,188 59,187 58,187 58,186 57,186 57,184 56,184 56,182 55,182 55,160 53,160 53,156 54,156 54,153 55,153 55,152 57,152 57,151 59,151 59,150 61,150 61,149 150,149 150,148 153,148 153,156 285,156 285,154 286,154 286,153 287,153 287,152 288,152 288,150 290,150 290,149 304,149 304,148 411,148 411,149 465,149 465,156 629,156 629,150 630,150 630,149 631,149 631,148 729,148 729,147 812,147 812,155 996,155 996,153 997,153 997,152 998,152 998,151 999,151 999,150 1001,150 1001,148 1002,148 1002,147 1004,147 1004,146 1106,146 1106,145 1108,145 1108,146 1216,146 1216,145 1356,145 1356,144 1451,144 1451,143"/>
	<TextLine id="l1">
	<Coords points="1458,144 1458,145 1459,145 1459,153 1476,153 1476,154 1478,154 1478,155 1481,155 1481,156 1482,156 1482,170 1493,170 1493,171 1494,171 1494,176 1493,176 1493,178 1482,178 1482,180 1481,180 1481,182 1480,182 1480,184 1479,184 1479,185 1477,185 1477,186 1472,186 1472,187 1411,187 1411,186 1410,186 1410,181 1409,181 1409,180 1258,180 1258,182 1257,182 1257,183 1256,183 1256,184 1255,184 1255,185 1254,185 1254,186 1253,186 1253,187 1248,187 1248,180 1143,180 1143,181 1123,181 1123,180 1013,180 1013,181 858,181 858,183 857,183 857,185 856,185 856,186 855,186 855,187 853,187 853,188 852,188 852,189 842,189 842,188 840,188 840,187 838,187 838,182 595,182 595,183 133,183 133,184 79,184 79,185 78,185 78,186 77,186 77,187 76,187 76,188 75,188 75,189 73,189 73,190 62,190 62,189 61,189 61,188 59,188 59,187 58,187 58,186 57,186 57,184 56,184 56,182 55,182 55,160 54,160 54,153 55,153 55,152 57,152 57,151 59,151 59,150 61,150 61,149 153,149 153,156 178,156 178,157 283,157 283,156 285,156 285,154 286,154 286,153 287,153 287,152 288,152 288,150 290,150 290,149 465,149 465,156 513,156 513,157 629,157 629,150 630,150 630,149 726,149 726,148 812,148 812,155 878,155 878,156 994,156 994,155 996,155 996,153 997,153 997,152 998,152 998,151 999,151 999,150 1001,150 1001,148 1002,148 1002,147 1099,147 1099,146 1348,146 1348,145 1356,145 1356,144"/>
	<Word id="w2">
	<Coords points="153,149 153,157 173,157 173,158 174,158 174,159 176,159 176,160 177,160 177,177 178,177 178,180 177,180 177,181 175,181 175,182 174,182 174,183 133,183 133,184 79,184 79,185 78,185 78,186 77,186 77,187 76,187 76,188 75,188 75,189 73,189 73,190 62,190 62,189 61,189 61,188 59,188 59,187 58,187 58,186 57,186 57,184 56,184 56,182 55,182 55,160 54,160 54,153 55,153 55,152 57,152 57,151 59,151 59,150 61,150 61,149"/>
	<TextEquiv conf="0.96017">
	<Unicode>Fibeln</Unicode></TextEquiv></Word>
	<Word id="w3">
	<Coords points="263,157 263,158 264,158 264,159 265,159 265,160 267,160 267,176 268,176 268,177 269,177 269,179 268,179 268,180 267,180 267,181 265,181 265,182 264,182 264,183 205,183 205,182 203,182 203,181 201,181 201,180 198,180 198,179 197,179 197,159 198,159 198,158 199,158 199,157"/>
	<TextEquiv conf="0.93298">
	<Unicode>von</Unicode></TextEquiv></Word>
	<Word id="w4">
	<Coords points="465,149 465,156 488,156 488,157 511,157 511,158 512,158 512,160 513,160 513,164 512,164 512,165 511,165 511,166 510,166 510,179 509,179 509,180 508,180 508,181 506,181 506,182 505,182 505,183 293,183 293,182 290,182 290,181 289,181 289,180 288,180 288,179 287,179 287,178 286,178 286,176 285,176 285,175 284,175 284,173 283,173 283,157 284,157 284,156 285,156 285,154 286,154 286,153 287,153 287,152 288,152 288,150 290,150 290,149"/>
	<TextEquiv conf="0.66121">
	<Unicode>Göbelbecker</Unicode></TextEquiv></Word>
	<Word id="w5">
	<Coords points="597,157 597,158 603,158 603,169 604,169 604,176 603,176 603,178 602,178 602,179 601,179 601,180 599,180 599,181 597,181 597,182 595,182 595,183 542,183 542,182 541,182 541,181 540,181 540,180 539,180 539,179 538,179 538,177 537,177 537,164 538,164 538,162 539,162 539,160 541,160 541,159 542,159 542,158 543,158 543,157"/>
	<TextEquiv conf="0.96215">
	<Unicode>aus</Unicode></TextEquiv></Word>
	<Word id="w6">
	<Coords points="635,149 635,151 636,151 636,152 637,152 637,153 639,153 639,154 641,154 641,155 662,155 662,156 699,156 699,157 701,157 701,158 703,158 703,159 704,159 704,175 705,175 705,179 704,179 704,180 702,180 702,181 701,181 701,182 636,182 636,181 634,181 634,180 630,180 630,179 629,179 629,150 630,150 630,149"/>
	<TextEquiv conf="0.95977">
	<Unicode>dem</Unicode></TextEquiv></Word>
	<Word id="w7">
	<Coords points="812,148 812,155 873,155 873,156 874,156 874,157 875,157 875,159 876,159 876,161 877,161 877,163 878,163 878,178 877,178 877,179 875,179 875,180 873,180 873,181 858,181 858,183 857,183 857,185 856,185 856,186 855,186 855,187 853,187 853,188 852,188 852,189 842,189 842,188 840,188 840,187 838,187 838,182 738,182 738,181 736,181 736,180 735,180 735,179 733,179 733,178 726,178 726,150 727,150 727,149 728,149 728,148"/>
	<TextEquiv conf="0.96292">
	<Unicode>Verlage</Unicode></TextEquiv></Word>
	<Word id="w8">
	<Coords points="968,156 968,157 969,157 969,158 970,158 970,175 971,175 971,178 970,178 970,179 968,179 968,180 967,180 967,181 909,181 909,180 908,180 908,179 905,179 905,178 904,178 904,177 902,177 902,158 903,158 903,157 904,157 904,156"/>
	<TextEquiv conf="0.96438">
	<Unicode>von</Unicode></TextEquiv></Word>
	<Word id="w9">
	<Coords points="1051,147 1051,154 1071,154 1071,155 1073,155 1073,156 1075,156 1075,157 1076,157 1076,158 1077,158 1077,161 1078,161 1078,173 1077,173 1077,175 1076,175 1076,176 1075,176 1075,177 1074,177 1074,178 1073,178 1073,179 1071,179 1071,180 1013,180 1013,181 1006,181 1006,180 1004,180 1004,179 1002,179 1002,178 994,178 994,173 995,173 995,155 996,155 996,153 997,153 997,152 998,152 998,151 999,151 999,150 1001,150 1001,148 1002,148 1002,147"/>
	<TextEquiv conf="0.93227">
	<Unicode>Otto</Unicode></TextEquiv></Word>
	<Word id="w10">
	<Coords points="1253,146 1253,153 1255,153 1255,154 1257,154 1257,155 1258,155 1258,156 1259,156 1259,158 1260,158 1260,161 1261,161 1261,176 1260,176 1260,179 1259,179 1259,180 1258,180 1258,182 1257,182 1257,183 1256,183 1256,184 1255,184 1255,185 1254,185 1254,186 1253,186 1253,187 1248,187 1248,180 1143,180 1143,181 1123,181 1123,180 1102,180 1102,179 1101,179 1101,178 1099,178 1099,148 1100,148 1100,147 1101,147 1101,146"/>
	<TextEquiv conf="0.90613">
	<Unicode>Nemnich</Unicode></TextEquiv></Word>
	<Word id="w11">
	<Coords points="1298,146 1298,153 1319,153 1319,154 1320,154 1320,155 1322,155 1322,156 1323,156 1323,157 1324,157 1324,173 1325,173 1325,177 1323,177 1323,178 1322,178 1322,179 1320,179 1320,180 1293,180 1293,179 1292,179 1292,178 1290,178 1290,177 1289,177 1289,161 1288,161 1288,160 1287,160 1287,156 1288,156 1288,147 1289,147 1289,146"/>
	<TextEquiv conf="0.96338">
	<Unicode>in</Unicode></TextEquiv></Word>
	<Word id="w12">
	<Coords points="1458,144 1458,145 1459,145 1459,153 1476,153 1476,154 1478,154 1478,155 1481,155 1481,156 1482,156 1482,170 1493,170 1493,171 1494,171 1494,176 1493,176 1493,178 1482,178 1482,180 1481,180 1481,182 1480,182 1480,184 1479,184 1479,185 1477,185 1477,186 1472,186 1472,187 1411,187 1411,186 1410,186 1410,181 1409,181 1409,180 1360,180 1360,179 1358,179 1358,178 1348,178 1348,173 1349,173 1349,152 1350,152 1350,150 1351,150 1351,148 1352,148 1352,147 1353,147 1353,146 1354,146 1354,145 1356,145 1356,144"/>
	<TextEquiv conf="0.95242">
	<Unicode>Leipzig.</Unicode></TextEquiv></Word>
	<TextEquiv conf="0.92344">
	<Unicode>Fibeln von Göbelbecker aus dem Verlage von Otto Nemnich in Leipzig.</Unicode></TextEquiv></TextLine>
	<TextEquiv>
	<Unicode>Fibeln von Göbelbecker aus dem Verlage von Otto Nemnich in Leipzig.</Unicode></TextEquiv></TextRegion>
	<SeparatorRegion id="r1">
	<Coords points="1497,199 1498,201 1498,204 1497,211 1352,211 1352,212 1199,212 1199,213 1198,213 1198,214 1192,214 1192,215 1190,215 1190,214 1126,214 1126,213 970,213 970,214 740,214 740,215 738,215 738,214 612,214 612,215 416,215 416,216 412,216 412,215 165,215 165,216 53,216 53,203 192,204 192,203 688,203 688,202 991,202 991,201 1109,201 1109,200 1367,200 1367,199"/></SeparatorRegion>
	<TextRegion id="r2" type="heading">
	<Coords points="1225,286 1225,288 1380,288 1380,289 1381,289 1381,339 1396,339 1396,340 1399,340 1399,341 1400,341 1400,342 1401,342 1401,343 1402,343 1402,345 1403,345 1403,352 1402,352 1402,354 1401,354 1401,356 1400,356 1400,357 1398,357 1398,358 1371,358 1371,359 1219,359 1219,360 1218,360 1218,365 1217,365 1217,370 1216,370 1216,372 1215,372 1215,373 1210,373 1210,372 1209,372 1209,366 1208,366 1208,364 1207,364 1207,361 1169,361 1169,360 1053,360 1053,361 865,361 865,362 670,362 670,363 668,363 668,362 506,362 506,363 505,363 505,364 504,364 504,366 503,366 503,367 502,367 502,368 501,368 501,369 500,369 500,370 499,370 499,371 498,371 498,372 450,372 450,375 449,375 449,377 448,377 448,378 443,378 443,375 442,375 442,372 441,372 441,365 440,365 440,363 173,363 173,362 169,362 169,361 167,361 167,360 165,360 165,359 163,359 163,358 161,358 161,357 149,357 149,356 148,356 148,354 147,354 147,352 148,352 148,351 149,351 149,350 150,350 150,312 151,312 151,308 152,308 152,305 153,305 153,303 154,303 154,302 155,302 155,301 156,301 156,300 157,300 157,299 158,299 158,298 160,298 160,297 161,297 161,296 162,296 162,295 164,295 164,294 167,294 167,293 171,293 171,292 183,292 183,293 187,293 187,294 189,294 189,295 191,295 191,296 193,296 193,297 194,297 194,298 195,298 195,299 196,299 196,300 197,300 197,301 198,301 198,302 199,302 199,304 200,304 200,305 201,305 201,308 234,308 234,309 235,309 235,310 351,310 351,296 352,296 352,295 367,295 367,294 371,294 371,293 374,293 374,292 440,292 440,291 457,291 457,292 458,292 458,294 478,294 478,295 479,295 479,310 580,310 580,309 582,309 582,308 604,308 604,296 605,296 605,293 607,293 607,292 610,292 610,291 617,291 617,292 620,292 620,293 621,293 621,294 622,294 622,295 623,295 623,307 775,307 775,306 776,306 776,304 777,304 777,301 778,301 778,300 779,300 779,298 780,298 780,297 781,297 781,296 782,296 782,295 783,295 783,294 784,294 784,293 785,293 785,292 788,292 788,291 791,291 791,290 823,290 823,291 824,291 824,292 837,292 837,308 991,308 991,307 993,307 993,306 1069,306 1069,293 1070,293 1070,291 1071,291 1071,290 1076,290 1076,289 1082,289 1082,290 1086,290 1086,291 1087,291 1087,292 1088,292 1088,295 1089,295 1089,306 1201,306 1201,295 1202,295 1202,291 1203,291 1203,290 1204,290 1204,289 1205,289 1205,288 1207,288 1207,287 1209,287 1209,286"/>
	<TextLine id="l297">
	<Coords points="1225,287 1225,288 1380,288 1380,289 1381,289 1381,339 1396,339 1396,340 1399,340 1399,341 1400,341 1400,342 1401,342 1401,343 1402,343 1402,345 1403,345 1403,352 1402,352 1402,354 1401,354 1401,356 1400,356 1400,357 1398,357 1398,358 1371,358 1371,359 1219,359 1219,360 1218,360 1218,365 1217,365 1217,370 1216,370 1216,372 1215,372 1215,373 1210,373 1210,372 1209,372 1209,366 1208,366 1208,364 1207,364 1207,361 1169,361 1169,360 1053,360 1053,361 865,361 865,362 670,362 670,363 668,363 668,362 506,362 506,363 505,363 505,364 504,364 504,366 503,366 503,367 502,367 502,368 501,368 501,369 500,369 500,370 499,370 499,371 498,371 498,372 450,372 450,375 449,375 449,377 448,377 448,378 443,378 443,375 442,375 442,372 441,372 441,365 440,365 440,363 173,363 173,362 169,362 169,361 167,361 167,360 165,360 165,359 163,359 163,358 161,358 161,357 149,357 149,356 148,356 148,351 149,351 149,350 150,350 150,312 151,312 151,308 152,308 152,305 153,305 153,303 154,303 154,302 155,302 155,301 156,301 156,300 157,300 157,299 158,299 158,298 160,298 160,297 161,297 161,296 162,296 162,295 164,295 164,294 167,294 167,293 171,293 171,292 183,292 183,293 187,293 187,294 189,294 189,295 191,295 191,296 193,296 193,297 194,297 194,298 195,298 195,299 196,299 196,300 197,300 197,301 198,301 198,302 199,302 199,304 200,304 200,305 201,305 201,308 234,308 234,309 235,309 235,310 351,310 351,296 352,296 352,295 367,295 367,294 371,294 371,293 374,293 374,292 458,292 458,294 478,294 478,295 479,295 479,310 580,310 580,309 582,309 582,308 604,308 604,296 605,296 605,293 607,293 607,292 620,292 620,293 621,293 621,294 622,294 622,295 623,295 623,307 775,307 775,306 776,306 776,304 777,304 777,301 778,301 778,300 779,300 779,298 780,298 780,297 781,297 781,296 782,296 782,295 783,295 783,294 784,294 784,293 785,293 785,292 788,292 788,291 791,291 791,290 823,290 823,291 824,291 824,292 837,292 837,308 991,308 991,307 993,307 993,306 1069,306 1069,293 1070,293 1070,291 1071,291 1071,290 1076,290 1076,289 1082,289 1082,290 1086,290 1086,291 1087,291 1087,292 1088,292 1088,295 1089,295 1089,306 1201,306 1201,295 1202,295 1202,291 1203,291 1203,290 1204,290 1204,289 1205,289 1205,288 1207,288 1207,287"/>
	<Word id="w299">
	<Coords points="183,292 183,293 187,293 187,294 189,294 189,295 191,295 191,296 193,296 193,297 194,297 194,298 195,298 195,299 196,299 196,300 197,300 197,301 198,301 198,302 199,302 199,304 200,304 200,305 201,305 201,308 234,308 234,309 235,309 235,310 351,310 351,296 352,296 352,295 367,295 367,294 371,294 371,293 374,293 374,292 458,292 458,294 478,294 478,295 479,295 479,312 487,312 487,313 489,313 489,343 504,343 504,344 507,344 507,345 508,345 508,346 509,346 509,347 510,347 510,356 509,356 509,358 508,358 508,359 507,359 507,361 506,361 506,363 505,363 505,364 504,364 504,366 503,366 503,367 502,367 502,368 501,368 501,369 500,369 500,370 499,370 499,371 498,371 498,372 450,372 450,375 449,375 449,377 448,377 448,378 443,378 443,375 442,375 442,372 441,372 441,365 440,365 440,363 173,363 173,362 169,362 169,361 167,361 167,360 165,360 165,359 163,359 163,358 161,358 161,357 149,357 149,356 148,356 148,351 149,351 149,350 150,350 150,312 151,312 151,308 152,308 152,305 153,305 153,303 154,303 154,302 155,302 155,301 156,301 156,300 157,300 157,299 158,299 158,298 160,298 160,297 161,297 161,296 162,296 162,295 164,295 164,294 167,294 167,293 171,293 171,292"/>
	<TextEquiv conf="0.90455">
	<Unicode>Lernluſt,</Unicode></TextEquiv></Word>
	<Word id="w301">
	<Coords points="620,292 620,293 621,293 621,294 622,294 622,295 623,295 623,307 711,307 711,309 712,309 712,310 713,310 713,312 714,312 714,313 715,313 715,315 716,315 716,316 717,316 717,318 718,318 718,320 719,320 719,321 720,321 720,323 721,323 721,324 722,324 722,326 723,326 723,327 724,327 724,332 723,332 723,354 722,354 722,355 721,355 721,356 719,356 719,357 716,357 716,358 715,358 715,359 712,359 712,360 710,360 710,361 708,361 708,362 670,362 670,363 668,363 668,362 577,362 577,361 574,361 574,360 573,360 573,359 572,359 572,358 570,358 570,357 569,357 569,356 567,356 567,355 566,355 566,353 565,353 565,352 564,352 564,350 563,350 563,349 562,349 562,346 561,346 561,342 560,342 560,328 561,328 561,325 562,325 562,323 563,323 563,320 564,320 564,319 565,319 565,318 566,318 566,317 567,317 567,316 568,316 568,315 569,315 569,314 571,314 571,313 572,313 572,312 574,312 574,311 576,311 576,310 580,310 580,309 582,309 582,308 604,308 604,296 605,296 605,293 607,293 607,292"/>
	<TextEquiv conf="0.93246">
	<Unicode>eine</Unicode></TextEquiv></Word>
	<Word id="w303">
	<Coords points="1225,287 1225,288 1380,288 1380,289 1381,289 1381,339 1396,339 1396,340 1399,340 1399,341 1400,341 1400,342 1401,342 1401,343 1402,343 1402,345 1403,345 1403,352 1402,352 1402,354 1401,354 1401,356 1400,356 1400,357 1398,357 1398,358 1371,358 1371,359 1219,359 1219,360 1218,360 1218,365 1217,365 1217,370 1216,370 1216,372 1215,372 1215,373 1210,373 1210,372 1209,372 1209,366 1208,366 1208,364 1207,364 1207,361 1169,361 1169,360 1053,360 1053,361 865,361 865,362 803,362 803,361 797,361 797,360 793,360 793,359 790,359 790,358 788,358 788,357 786,357 786,356 785,356 785,355 784,355 784,354 782,354 782,352 781,352 781,351 780,351 780,350 779,350 779,349 778,349 778,347 777,347 777,345 776,345 776,343 775,343 775,341 774,341 774,337 773,337 773,311 774,311 774,309 775,309 775,306 776,306 776,304 777,304 777,301 778,301 778,300 779,300 779,298 780,298 780,297 781,297 781,296 782,296 782,295 783,295 783,294 784,294 784,293 785,293 785,292 788,292 788,291 791,291 791,290 823,290 823,291 824,291 824,292 837,292 837,308 991,308 991,307 993,307 993,306 1069,306 1069,293 1070,293 1070,291 1071,291 1071,290 1076,290 1076,289 1082,289 1082,290 1086,290 1086,291 1087,291 1087,292 1088,292 1088,295 1089,295 1089,306 1201,306 1201,295 1202,295 1202,291 1203,291 1203,290 1204,290 1204,289 1205,289 1205,288 1207,288 1207,287"/>
	<TextEquiv conf="0.36381">
	<Unicode>Comeniusfibel.</Unicode></TextEquiv></Word>
	<TextEquiv conf="0.73361">
	<Unicode>Lernluſt, eine Comeniusfibel.</Unicode></TextEquiv></TextLine>
	<TextEquiv>
	<Unicode>Lernluſt, eine Comeniusfibel.</Unicode></TextEquiv></TextRegion>
	<TextRegion id="r3" type="paragraph">
	<Coords points="1302,392 1302,393 1348,393 1348,394 1397,394 1397,406 1398,406 1398,410 1399,410 1399,413 1408,413 1408,458 1409,458 1409,463 1376,463 1376,464 1362,464 1362,466 1361,466 1361,467 1360,467 1360,468 1357,468 1357,467 1356,467 1356,464 1343,464 1343,463 1167,463 1167,464 1060,464 1060,467 1059,467 1059,469 1058,469 1058,470 1056,470 1056,471 1019,471 1019,472 1018,472 1018,473 1017,473 1017,474 1015,474 1015,466 879,466 879,473 875,473 875,466 747,466 747,469 746,469 746,470 745,470 745,471 744,471 744,472 742,472 742,473 736,473 736,472 733,472 733,467 494,467 494,475 492,475 492,474 491,474 491,473 490,473 490,472 489,472 489,471 488,471 488,469 487,469 487,467 369,467 369,470 368,470 368,471 367,471 367,472 366,472 366,473 361,473 361,474 359,474 359,473 356,473 356,472 355,472 355,467 296,467 296,466 294,466 294,465 293,465 293,464 291,464 291,463 290,463 290,450 289,450 289,449 288,449 288,429 155,429 155,428 154,428 154,422 153,422 153,421 149,421 149,411 148,411 148,409 147,409 147,407 146,407 146,405 145,405 145,400 146,400 146,399 147,399 147,398 148,398 148,397 149,397 149,396 492,396 492,395 819,395 819,394 821,394 821,395 822,395 822,402 824,402 824,403 826,403 826,404 827,404 827,406 828,406 828,415 1117,415 1117,414 1210,414 1210,413 1252,413 1252,397 1253,397 1253,395 1254,395 1254,394 1256,394 1256,393 1258,393 1258,392"/>
	<TextLine id="l305">
	<Coords points="1318,393 1318,394 1397,394 1397,406 1398,406 1398,410 1399,410 1399,413 1408,413 1408,419 1406,419 1406,420 1362,420 1362,421 1361,421 1361,422 1360,422 1360,424 1359,424 1359,425 1356,425 1356,420 1345,420 1345,419 1122,419 1122,420 944,420 944,421 795,421 795,423 794,423 794,425 793,425 793,426 792,426 792,427 790,427 790,428 754,428 754,429 753,429 753,430 752,430 752,431 750,431 750,430 749,430 749,429 496,429 496,430 493,430 493,429 492,429 492,428 491,428 491,427 490,427 490,425 489,425 489,423 488,423 488,422 370,422 370,424 369,424 369,426 368,426 368,427 367,427 367,428 365,428 365,429 358,429 358,428 356,428 356,427 355,427 355,423 226,423 226,427 225,427 225,429 155,429 155,428 154,428 154,422 153,422 153,421 149,421 149,411 148,411 148,409 147,409 147,407 146,407 146,399 147,399 147,398 148,398 148,397 487,397 487,396 780,396 780,395 822,395 822,402 824,402 824,403 826,403 826,404 827,404 827,406 828,406 828,415 1117,415 1117,414 1210,414 1210,413 1252,413 1252,397 1253,397 1253,395 1254,395 1254,394 1256,394 1256,393"/>
	<Word id="w307">
	<Coords points="229,397 229,402 241,402 241,403 242,403 242,404 256,404 256,405 257,405 257,422 256,422 256,423 226,423 226,427 225,427 225,429 155,429 155,428 154,428 154,422 153,422 153,421 149,421 149,411 148,411 148,409 147,409 147,407 146,407 146,399 147,399 147,398 148,398 148,397"/>
	<TextEquiv conf="0.93269">
	<Unicode>Preiſe:</Unicode></TextEquiv></Word>
	<Word id="w309">
	<Coords points="402,397 402,403 421,403 421,405 422,405 422,407 423,407 423,408 424,408 424,411 423,411 423,420 422,420 422,421 420,421 420,422 370,422 370,424 369,424 369,426 368,426 368,427 367,427 367,428 365,428 365,429 358,429 358,428 356,428 356,427 355,427 355,423 297,423 297,422 296,422 296,421 295,421 295,420 293,420 293,419 292,419 292,397"/>
	<TextEquiv conf="0.92390">
	<Unicode>Ausgabe</Unicode></TextEquiv></Word>
	<Word id="w311">
	<Coords points="458,397 458,399 459,399 459,402 460,402 460,404 461,404 461,407 462,407 462,410 463,410 463,413 464,413 464,416 465,416 465,417 466,417 466,419 467,419 467,421 466,421 466,422 446,422 446,416 447,416 447,414 448,414 448,411 449,411 449,409 450,409 450,406 451,406 451,403 452,403 452,398 453,398 453,397"/>
	<TextEquiv conf="0.96116">
	<Unicode>A</Unicode></TextEquiv></Word>
	<Word id="w313">
	<Coords points="505,396 505,403 522,403 522,404 523,404 523,405 525,405 525,418 526,418 526,420 525,420 525,421 524,421 524,422 496,422 496,430 493,430 493,429 492,429 492,428 491,428 491,427 490,427 490,425 489,425 489,423 488,423 488,421 487,421 487,404 488,404 488,401 489,401 489,399 490,399 490,398 491,398 491,396"/>
	<TextEquiv conf="0.93252">
	<Unicode>(in</Unicode></TextEquiv></Word>
	<Word id="w315">
	<Coords points="753,396 753,398 754,398 754,399 755,399 755,400 756,400 756,402 757,402 757,405 758,405 758,409 759,409 759,418 758,418 758,421 757,421 757,424 756,424 756,426 755,426 755,428 754,428 754,429 753,429 753,430 752,430 752,431 750,431 750,430 749,430 749,429 585,429 585,422 554,422 554,421 551,421 551,420 547,420 547,400 548,400 548,399 549,399 549,398 550,398 550,397 552,397 552,396"/>
	<TextEquiv conf="0.27329">
	<Unicode>Schwarzdruck)</Unicode></TextEquiv></Word>
	<Word id="w319">
	<Coords points="1213,414 1213,418 1212,418 1212,419 1209,419 1209,414"/>
	<TextEquiv conf="0.42402">
	<Unicode>.</Unicode></TextEquiv></Word>
	<Word id="w321">
	<Coords points="1302,393 1302,399 1305,399 1305,400 1306,400 1306,401 1307,401 1307,402 1308,402 1308,412 1316,412 1316,413 1318,413 1318,418 1317,418 1317,419 1258,419 1258,418 1256,418 1256,417 1255,417 1255,404 1254,404 1254,403 1253,403 1253,395 1254,395 1254,394 1256,394 1256,393"/>
	<TextEquiv conf="0.82487">
	<Unicode>Mk.</Unicode></TextEquiv></Word>
	<Word id="w323">
	<Coords points="1397,394 1397,406 1398,406 1398,410 1399,410 1399,413 1408,413 1408,419 1406,419 1406,420 1362,420 1362,421 1361,421 1361,422 1360,422 1360,424 1359,424 1359,425 1356,425 1356,420 1345,420 1345,419 1340,419 1340,418 1339,418 1339,417 1338,417 1338,416 1337,416 1337,398 1338,398 1338,397 1339,397 1339,395 1340,395 1340,394"/>
	<TextEquiv conf="0.64209">
	<Unicode>0,55.</Unicode></TextEquiv></Word>
	<Word id="w658">
	<Coords points="820,396 821,396 821,403 823,403 823,404 825,404 825,405 826,405 826,407 827,407 827,416 854,416 854,417 855,417 855,418 856,418 856,419 855,419 855,420 794,420 794,422 793,422 793,424 792,424 792,425 791,425 791,426 789,426 789,427 784,427 784,426 782,426 782,425 781,425 781,415 780,415 780,409 781,409 781,407 782,407 782,406 783,406 783,405 784,405 784,404 786,404 786,403 813,403 813,397 818,397 818,396 820,396 820,395"/>
	<TextEquiv conf="0.41980">
	<Unicode>geb..</Unicode></TextEquiv></Word>
	<Word id="w661">
	<Coords points="900,416 900,417 901,417 901,419 900,419 900,420 898,420 898,418 897,418 898,418 898,417 899,417 899,416"/>
	<TextEquiv conf="0.41980">
	<Unicode>.</Unicode></TextEquiv></Word>
	<Word id="w663">
	<Coords points="944,416 944,417 945,417 945,419 943,419 943,420 942,420 942,419 941,419 941,417 942,417 942,416"/>
	<TextEquiv conf="0.41980">
	<Unicode>.</Unicode></TextEquiv></Word>
	<Word id="w665">
	<Coords points="988,416 988,417 989,417 989,418 988,418 988,419 986,419 986,418 985,418 985,417 986,417 986,416"/>
	<TextEquiv conf="0.41980">
	<Unicode>.</Unicode></TextEquiv></Word>
	<Word id="w667">
	<Coords points="1033,416 1033,418 1032,418 1032,419 1030,419 1030,417 1029,417 1030,417 1030,416"/>
	<TextEquiv conf="0.41980">
	<Unicode>.</Unicode></TextEquiv></Word>
	<Word id="w669">
	<Coords points="1077,416 1077,418 1076,418 1076,419 1075,419 1075,418 1074,418 1074,416"/>
	<TextEquiv conf="0.41980">
	<Unicode>.</Unicode></TextEquiv></Word>
	<Word id="w670">
	<Coords points="1122,415 1122,418 1121,418 1121,419 1120,419 1120,418 1118,418 1118,415"/>
	<TextEquiv conf="0.41980">
	<Unicode>.</Unicode></TextEquiv></Word>
	<Word id="w671">
	<Coords points="1166,415 1166,416 1167,416 1167,417 1166,417 1166,418 1163,418 1163,416 1164,416 1164,415"/>
	<TextEquiv conf="0.41980">
	<Unicode>.</Unicode></TextEquiv></Word>
	<TextEquiv conf="0.70382">
	<Unicode>Preiſe: Ausgabe A (in Schwarzdruck) geb.. . . . . . . . . Mk. 0,55.</Unicode></TextEquiv></TextLine>
	<TextLine id="l11">
	<Coords points="1318,437 1318,438 1397,438 1397,449 1398,449 1398,451 1399,451 1399,457 1408,457 1408,458 1409,458 1409,463 1376,463 1376,464 1362,464 1362,466 1361,466 1361,467 1360,467 1360,468 1357,468 1357,467 1356,467 1356,464 1343,464 1343,463 1167,463 1167,464 1060,464 1060,467 1059,467 1059,469 1058,469 1058,470 1056,470 1056,471 1019,471 1019,472 1018,472 1018,473 1017,473 1017,474 1015,474 1015,466 879,466 879,473 875,473 875,466 747,466 747,469 746,469 746,470 745,470 745,471 744,471 744,472 742,472 742,473 736,473 736,472 733,472 733,467 494,467 494,475 492,475 492,474 491,474 491,473 490,473 490,472 489,472 489,471 488,471 488,469 487,469 487,467 369,467 369,470 368,470 368,471 367,471 367,472 366,472 366,473 361,473 361,474 359,474 359,473 356,473 356,472 355,472 355,467 296,467 296,466 294,466 294,465 293,465 293,464 291,464 291,463 290,463 290,450 289,450 289,443 290,443 290,442 291,442 291,441 593,441 593,440 948,440 948,439 1087,439 1087,445 1089,445 1089,446 1091,446 1091,447 1092,447 1092,449 1093,449 1093,458 1123,458 1123,459 1254,459 1254,439 1255,439 1255,438 1256,438 1256,437"/>
	<Word id="w325">
	<Coords points="402,441 402,448 421,448 421,451 422,451 422,452 423,452 423,464 422,464 422,465 420,465 420,466 401,466 401,467 369,467 369,470 368,470 368,471 367,471 367,472 366,472 366,473 361,473 361,474 359,474 359,473 356,473 356,472 355,472 355,467 296,467 296,466 294,466 294,465 293,465 293,464 291,464 291,463 290,463 290,450 289,450 289,443 290,443 290,442 291,442 291,441"/>
	<TextEquiv conf="0.91531">
	<Unicode>Ausgabe</Unicode></TextEquiv></Word>
	<Word id="w327">
	<Coords points="460,441 460,442 462,442 462,443 463,443 463,444 464,444 464,456 465,456 465,463 464,463 464,465 462,465 462,466 459,466 459,467 444,467 444,441"/>
	<TextEquiv conf="0.91334">
	<Unicode>B</Unicode></TextEquiv></Word>
	<Word id="w329">
	<Coords points="521,441 521,447 534,447 534,448 535,448 535,450 536,450 536,452 537,452 537,464 536,464 536,465 533,465 533,466 505,466 505,467 494,467 494,475 492,475 492,474 491,474 491,473 490,473 490,472 489,472 489,471 488,471 488,469 487,469 487,467 486,467 486,447 487,447 487,445 488,445 488,443 489,443 489,441"/>
	<TextEquiv conf="0.96035">
	<Unicode>(die</Unicode></TextEquiv></Word>
	<Word id="w331">
	<Coords points="570,442 570,457 574,457 574,459 573,459 573,460 572,460 572,466 563,466 563,460 557,460 557,456 558,456 558,454 559,454 559,452 560,452 560,451 561,451 561,449 562,449 562,448 563,448 563,446 564,446 564,445 565,445 565,443 566,443 566,442"/>
	<TextEquiv conf="0.91228">
	<Unicode>4</Unicode></TextEquiv></Word>
	<Word id="w333">
	<Coords points="812,440 812,443 813,443 813,444 815,444 815,445 816,445 816,446 817,446 817,447 852,447 852,448 853,448 853,452 851,452 851,464 849,464 849,465 817,465 817,466 747,466 747,469 746,469 746,470 745,470 745,471 744,471 744,472 742,472 742,473 736,473 736,472 733,472 733,467 601,467 601,466 598,466 598,465 597,465 597,464 596,464 596,463 595,463 595,462 594,462 594,460 593,460 593,446 594,446 594,443 595,443 595,442 596,442 596,441 599,441 599,440"/>
	<TextEquiv conf="0.90920">
	<Unicode>Einleitungsbilder</Unicode></TextEquiv></Word>
	<Word id="w335">
	<Coords points="916,440 916,443 918,443 918,444 919,444 919,445 921,445 921,446 922,446 922,447 923,447 923,448 924,448 924,449 925,449 925,451 926,451 926,460 925,460 925,462 924,462 924,463 923,463 923,464 921,464 921,465 920,465 920,466 879,466 879,473 875,473 875,461 874,461 874,440"/>
	<TextEquiv conf="0.71418">
	<Unicode>ſind</Unicode></TextEquiv></Word>
	<Word id="w337">
	<Coords points="1018,439 1018,440 1019,440 1019,441 1020,441 1020,443 1021,443 1021,445 1022,445 1022,447 1023,447 1023,450 1024,450 1024,463 1023,463 1023,466 1022,466 1022,468 1021,468 1021,470 1020,470 1020,471 1019,471 1019,472 1018,472 1018,473 1017,473 1017,474 1015,474 1015,465 952,465 952,464 950,464 950,463 948,463 948,441 949,441 949,440 952,440 952,439"/>
	<TextEquiv conf="0.96260">
	<Unicode>bunt)</Unicode></TextEquiv></Word>
	<Word id="w339">
	<Coords points="1087,439 1087,445 1089,445 1089,446 1091,446 1091,447 1092,447 1092,449 1093,449 1093,458 1122,458 1122,459 1123,459 1123,463 1122,463 1122,464 1060,464 1060,467 1059,467 1059,469 1058,469 1058,470 1056,470 1056,471 1048,471 1048,470 1047,470 1047,469 1046,469 1046,449 1047,449 1047,448 1048,448 1048,447 1049,447 1049,446 1051,446 1051,445 1078,445 1078,440 1080,440 1080,439"/>
	<TextEquiv conf="0.11041">
	<Unicode>geb..</Unicode></TextEquiv></Word>
	<Word id="w341">
	<Coords points="1168,460 1168,463 1167,463 1167,464 1164,464 1164,460"/>
	<TextEquiv conf="0.57722">
	<Unicode>.</Unicode></TextEquiv></Word>
	<Word id="w343">
	<Coords points="1214,459 1214,461 1213,461 1213,463 1209,463 1209,459"/>
	<TextEquiv conf="0.57722">
	<Unicode>.</Unicode></TextEquiv></Word>
	<Word id="w345">
	<Coords points="1302,437 1302,444 1306,444 1306,445 1307,445 1307,446 1308,446 1308,447 1309,447 1309,457 1317,457 1317,458 1318,458 1318,462 1317,462 1317,463 1258,463 1258,462 1256,462 1256,449 1255,449 1255,448 1254,448 1254,439 1255,439 1255,438 1256,438 1256,437"/>
	<TextEquiv conf="0.90286">
	<Unicode>Mk.</Unicode></TextEquiv></Word>
	<Word id="w347">
	<Coords points="1397,438 1397,449 1398,449 1398,451 1399,451 1399,457 1408,457 1408,458 1409,458 1409,463 1376,463 1376,464 1362,464 1362,466 1361,466 1361,467 1360,467 1360,468 1357,468 1357,467 1356,467 1356,464 1343,464 1343,463 1341,463 1341,462 1340,462 1340,461 1339,461 1339,460 1338,460 1338,458 1337,458 1337,443 1338,443 1338,441 1339,441 1339,440 1340,440 1340,439 1341,439 1341,438"/>
	<TextEquiv conf="0.95197">
	<Unicode>0,65.</Unicode></TextEquiv></Word>
	<TextEquiv conf="0.78391">
	<Unicode>Ausgabe B (die 4 Einleitungsbilder ſind bunt) geb.. . . Mk. 0,65.</Unicode></TextEquiv></TextLine>
	<TextEquiv>
	<Unicode>Preiſe: Ausgabe A (in Schwarzdruck) geb.. . . . . . . . . Mk. 0,55.
Ausgabe B (die 4 Einleitungsbilder ſind bunt) geb.. . . Mk. 0,65.</Unicode></TextEquiv></TextRegion>
	<TextRegion id="r4" type="paragraph">
	<Coords points="1198,508 1198,509 1199,509 1199,514 1200,514 1200,515 1203,515 1203,516 1204,516 1204,518 1205,518 1205,521 1206,521 1206,528 1216,528 1216,529 1217,529 1217,531 1218,531 1218,533 1217,533 1217,534 1216,534 1216,535 1204,535 1204,536 1203,536 1203,537 1202,537 1202,538 1201,538 1201,539 1199,539 1199,540 1196,540 1196,536 968,536 968,538 967,538 967,539 966,539 966,541 965,541 965,542 963,542 963,543 961,543 961,537 931,537 931,536 812,536 812,537 688,537 688,538 622,538 622,542 621,542 621,543 505,543 505,544 502,544 502,543 408,543 408,542 407,542 407,538 343,538 343,537 342,537 342,536 341,536 341,535 339,535 339,534 338,534 338,525 337,525 337,524 336,524 336,521 335,521 335,519 334,519 334,516 335,516 335,514 336,514 336,513 337,513 337,512 339,512 339,511 784,511 784,510 786,510 786,511 787,511 787,512 825,512 825,514 925,514 925,513 926,513 926,512 928,512 928,511 930,511 930,510 996,510 996,509 1096,509 1096,508"/>
	<TextLine id="l349">
	<Coords points="1199,509 1199,514 1200,514 1200,515 1203,515 1203,516 1204,516 1204,518 1205,518 1205,521 1206,521 1206,528 1216,528 1216,529 1217,529 1217,531 1218,531 1218,533 1217,533 1217,534 1216,534 1216,535 1204,535 1204,536 1203,536 1203,537 1202,537 1202,538 1201,538 1201,539 1199,539 1199,540 1196,540 1196,536 968,536 968,538 967,538 967,539 966,539 966,541 965,541 965,542 963,542 963,543 961,543 961,537 931,537 931,536 812,536 812,537 688,537 688,538 622,538 622,542 621,542 621,543 505,543 505,544 502,544 502,543 408,543 408,542 407,542 407,538 343,538 343,537 342,537 342,536 341,536 341,535 339,535 339,534 338,534 338,525 337,525 337,524 336,524 336,521 335,521 335,514 336,514 336,513 337,513 337,512 681,512 681,511 787,511 787,512 825,512 825,514 925,514 925,513 926,513 926,512 928,512 928,511 930,511 930,510 1065,510 1065,509"/>
	<Word id="w351">
	<Coords points="455,512 455,517 476,517 476,519 477,519 477,521 478,521 478,523 479,523 479,535 478,535 478,536 476,536 476,537 475,537 475,538 421,538 421,540 420,540 420,541 419,541 419,542 418,542 418,543 408,543 408,542 407,542 407,538 343,538 343,537 342,537 342,536 341,536 341,535 339,535 339,534 338,534 338,525 337,525 337,524 336,524 336,521 335,521 335,514 336,514 336,513 337,513 337,512"/>
	<TextEquiv conf="0.68501">
	<Unicode>Ausgabe</Unicode></TextEquiv></Word>
	<Word id="w353">
	<Coords points="526,512 526,517 534,517 534,518 543,518 543,520 544,520 544,524 543,524 543,525 542,525 542,536 541,536 541,537 539,537 539,538 506,538 506,540 505,540 505,544 502,544 502,543 501,543 501,538 500,538 500,523 498,523 498,519 499,519 499,513 500,513 500,512"/>
	<TextEquiv conf="0.96498">
	<Unicode>für</Unicode></TextEquiv></Word>
	<Word id="w355">
	<Coords points="625,512 625,517 656,517 656,518 657,518 657,519 659,519 659,520 660,520 660,536 659,536 659,537 658,537 658,538 622,538 622,542 621,542 621,543 573,543 573,542 572,542 572,541 571,541 571,539 566,539 566,538 564,538 564,533 565,533 565,532 566,532 566,518 567,518 567,516 569,516 569,515 570,515 570,514 571,514 571,513 573,513 573,512"/>
	<TextEquiv conf="0.92254">
	<Unicode>Heſſen</Unicode></TextEquiv></Word>
	<Word id="w357">
	<Coords points="787,511 787,512 825,512 825,519 828,519 828,520 829,520 829,522 828,522 828,535 827,535 827,536 812,536 812,537 688,537 688,538 686,538 686,537 685,537 685,536 682,536 682,535 681,535 681,513 683,513 683,512 685,512 685,511"/>
	<TextEquiv conf="0.96306">
	<Unicode>bearbeitet</Unicode></TextEquiv></Word>
	<Word id="w359">
	<Coords points="899,518 899,519 900,519 900,520 901,520 901,533 902,533 902,535 901,535 901,536 853,536 853,535 850,535 850,534 849,534 849,518"/>
	<TextEquiv conf="0.96478">
	<Unicode>von</Unicode></TextEquiv></Word>
	<Word id="w361">
	<Coords points="1001,510 1001,511 1042,511 1042,518 1045,518 1045,533 1044,533 1044,534 1043,534 1043,535 1023,535 1023,536 968,536 968,538 967,538 967,539 966,539 966,541 965,541 965,542 963,542 963,543 961,543 961,537 931,537 931,536 929,536 929,535 926,535 926,534 923,534 923,515 924,515 924,514 925,514 925,513 926,513 926,512 928,512 928,511 930,511 930,510"/>
	<TextEquiv conf="0.95856">
	<Unicode>Schulrat</Unicode></TextEquiv></Word>
	<Word id="w363">
	<Coords points="1199,509 1199,514 1200,514 1200,515 1203,515 1203,516 1204,516 1204,518 1205,518 1205,521 1206,521 1206,528 1216,528 1216,529 1217,529 1217,531 1218,531 1218,533 1217,533 1217,534 1216,534 1216,535 1204,535 1204,536 1203,536 1203,537 1202,537 1202,538 1201,538 1201,539 1199,539 1199,540 1196,540 1196,536 1076,536 1076,535 1073,535 1073,534 1068,534 1068,524 1067,524 1067,523 1066,523 1066,522 1065,522 1065,513 1066,513 1066,512 1067,512 1067,511 1069,511 1069,510 1072,510 1072,509"/>
	<TextEquiv conf="0.93214">
	<Unicode>Dieterich.</Unicode></TextEquiv></Word>
	<TextEquiv conf="0.91301">
	<Unicode>Ausgabe für Heſſen bearbeitet von Schulrat Dieterich.</Unicode></TextEquiv></TextLine>
	<TextEquiv>
	<Unicode>Ausgabe für Heſſen bearbeitet von Schulrat Dieterich.</Unicode></TextEquiv></TextRegion>
	<TextRegion id="r5" type="paragraph">
	<Coords points="1303,562 1303,563 1396,563 1396,564 1398,564 1398,566 1399,566 1399,568 1400,568 1400,582 1409,582 1409,583 1410,583 1410,587 1409,587 1409,632 1408,632 1408,633 1362,633 1362,635 1361,635 1361,637 1360,637 1360,638 1357,638 1357,637 1356,637 1356,632 1105,632 1105,633 1064,633 1064,634 1063,634 1063,637 1062,637 1062,638 1061,638 1061,639 1058,639 1058,640 1023,640 1023,641 1022,641 1022,642 1020,642 1020,643 1018,643 1018,634 883,634 883,641 882,641 882,642 880,642 880,640 879,640 879,634 751,634 751,637 750,637 750,638 749,638 749,639 748,639 748,640 747,640 747,641 740,641 740,640 738,640 738,639 737,639 737,635 496,635 496,644 494,644 494,643 493,643 493,642 492,642 492,640 491,640 491,639 490,639 490,636 370,636 370,638 369,638 369,639 368,639 368,640 367,640 367,641 364,641 364,642 359,642 359,641 357,641 357,640 356,640 356,635 297,635 297,634 296,634 296,633 295,633 295,632 293,632 293,618 292,618 292,617 291,617 291,597 156,597 156,594 155,594 155,590 150,590 150,579 149,579 149,577 148,577 148,574 147,574 147,568 148,568 148,566 150,566 150,565 210,565 210,564 773,564 773,571 776,571 776,572 859,572 859,584 988,584 988,583 1212,583 1212,582 1255,582 1255,567 1256,567 1256,564 1257,564 1257,563 1258,563 1258,562"/>
	<TextLine id="l365">
	<Coords points="1320,563 1320,564 1398,564 1398,566 1399,566 1399,568 1400,568 1400,582 1409,582 1409,583 1410,583 1410,587 1409,587 1409,588 1408,588 1408,589 1363,589 1363,590 1362,590 1362,592 1361,592 1361,593 1360,593 1360,594 1357,594 1357,589 1344,589 1344,588 991,588 991,589 814,589 814,590 747,590 747,591 746,591 746,594 745,594 745,595 744,595 744,596 741,596 741,597 705,597 705,598 704,598 704,599 700,599 700,597 540,597 540,598 496,598 496,599 493,599 493,598 492,598 492,597 491,597 491,595 490,595 490,594 489,594 489,592 488,592 488,591 370,591 370,594 369,594 369,595 368,595 368,596 367,596 367,597 357,597 357,596 356,596 356,591 254,591 254,592 226,592 226,597 156,597 156,594 155,594 155,590 150,590 150,579 149,579 149,577 148,577 148,566 150,566 150,565 773,565 773,571 776,571 776,572 859,572 859,584 988,584 988,583 1212,583 1212,582 1255,582 1255,567 1256,567 1256,564 1257,564 1257,563"/>
	<Word id="w367">
	<Coords points="228,565 228,566 229,566 229,571 242,571 242,572 255,572 255,573 256,573 256,574 257,574 257,591 254,591 254,592 226,592 226,597 156,597 156,594 155,594 155,590 150,590 150,579 149,579 149,577 148,577 148,566 150,566 150,565"/>
	<TextEquiv conf="0.91952">
	<Unicode>Preiſe:</Unicode></TextEquiv></Word>
	<Word id="w369">
	<Coords points="403,565 403,572 422,572 422,574 423,574 423,576 424,576 424,578 425,578 425,580 424,580 424,589 422,589 422,590 419,590 419,591 370,591 370,594 369,594 369,595 368,595 368,596 367,596 367,597 357,597 357,596 356,596 356,591 298,591 298,590 296,590 296,588 294,588 294,587 293,587 293,574 292,574 292,566 293,566 293,565"/>
	<TextEquiv conf="0.90842">
	<Unicode>Ausgabe</Unicode></TextEquiv></Word>
	<Word id="w371">
	<Coords points="459,566 459,567 460,567 460,570 461,570 461,573 462,573 462,576 463,576 463,579 464,579 464,583 465,583 465,585 466,585 466,587 467,587 467,588 468,588 468,590 467,590 467,591 446,591 446,586 447,586 447,584 448,584 448,582 449,582 449,579 450,579 450,577 451,577 451,574 452,574 452,571 453,571 453,566"/>
	<TextEquiv conf="0.91412">
	<Unicode>A</Unicode></TextEquiv></Word>
	<Word id="w373">
	<Coords points="704,565 704,566 705,566 705,568 706,568 706,569 707,569 707,571 708,571 708,574 709,574 709,577 710,577 710,586 709,586 709,591 708,591 708,593 707,593 707,595 706,595 706,596 705,596 705,598 704,598 704,599 700,599 700,597 540,597 540,598 496,598 496,599 493,599 493,598 492,598 492,597 491,597 491,595 490,595 490,594 489,594 489,592 488,592 488,572 489,572 489,570 490,570 490,568 491,568 491,567 492,567 492,565"/>
	<TextEquiv conf="0.79956">
	<Unicode>(Schwarzdruck)</Unicode></TextEquiv></Word>
	<Word id="w379">
	<Coords points="1398,564 1398,566 1399,566 1399,568 1400,568 1400,582 1409,582 1409,583 1410,583 1410,587 1409,587 1409,588 1408,588 1408,589 1363,589 1363,590 1362,590 1362,592 1361,592 1361,593 1360,593 1360,594 1357,594 1357,589 1344,589 1344,588 1342,588 1342,587 1341,587 1341,586 1339,586 1339,582 1338,582 1338,571 1339,571 1339,567 1340,567 1340,565 1341,565 1341,564"/>
	<TextEquiv conf="0.95107">
	<Unicode>0,60.</Unicode></TextEquiv></Word>
	<Word id="w639">
	<Coords points="1302,563 1302,570 1307,570 1307,571 1308,571 1308,572 1309,572 1309,583 1318,583 1318,584 1319,584 1319,586 1318,586 1318,587 1262,587 1262,586 1260,586 1260,575 1259,575 1259,572 1258,572 1258,571 1257,571 1257,569 1256,569 1256,568 1257,568 1257,565 1258,565 1258,564 1259,564 1259,563"/>
	<TextEquiv conf="0.65617">
	<Unicode>Mk.</Unicode></TextEquiv></Word>
	<Word id="w640">
	<Coords points="1214,583 1214,584 1215,584 1215,586 1214,586 1214,587 1213,587 1213,586 1212,586 1212,585 1211,585 1212,585 1212,584 1213,584 1213,583"/>
	<TextEquiv conf="0.65617">
	<Unicode>.</Unicode></TextEquiv></Word>
	<Word id="w642">
	<Coords points="1124,584 1124,585 1125,585 1125,586 1124,586 1124,587 1122,587 1122,586 1121,586 1121,585 1122,585 1122,584"/>
	<TextEquiv conf="0.65617">
	<Unicode>.</Unicode></TextEquiv></Word>
	<Word id="w643">
	<Coords points="1169,584 1169,587 1167,587 1167,586 1166,586 1166,584"/>
	<TextEquiv conf="0.65617">
	<Unicode>.</Unicode></TextEquiv></Word>
	<Word id="w645">
	<Coords points="1079,584 1079,585 1080,585 1080,587 1077,587 1077,586 1076,586 1077,586 1077,584"/>
	<TextEquiv conf="0.43931">
	<Unicode>.</Unicode></TextEquiv></Word>
	<Word id="w647">
	<Coords points="1034,584 1034,585 1035,585 1035,587 1032,587 1032,585 1033,585 1033,584"/>
	<TextEquiv conf="0.43931">
	<Unicode>.</Unicode></TextEquiv></Word>
	<Word id="w649">
	<Coords points="989,585 991,585 991,587 990,587 990,588 989,588 989,587 987,587 987,586 988,586 988,585 989,585 989,584"/>
	<TextEquiv conf="0.43931">
	<Unicode>.</Unicode></TextEquiv></Word>
	<Word id="w651">
	<Coords points="947,585 947,586 948,586 948,587 947,587 947,588 945,588 945,587 944,587 944,586 945,586 945,585"/>
	<TextEquiv conf="0.43931">
	<Unicode>.</Unicode></TextEquiv></Word>
	<Word id="w653">
	<Coords points="903,585 903,586 904,586 904,587 903,587 903,588 901,588 901,587 900,587 900,586 901,586 901,585"/>
	<TextEquiv conf="0.43931">
	<Unicode>.</Unicode></TextEquiv></Word>
	<Word id="w655">
	<Coords points="858,586 859,586 859,588 856,588 856,587 855,587 855,586 856,586 856,585 858,585 858,573"/>
	<TextEquiv conf="0.43931">
	<Unicode>.</Unicode></TextEquiv></Word>
	<Word id="w656">
	<Coords points="772,565 772,572 775,572 775,573 776,573 776,574 777,574 777,577 778,577 778,585 787,585 787,588 786,588 786,589 746,589 746,590 745,590 745,593 744,593 744,594 743,594 743,595 740,595 740,596 736,596 736,595 734,595 734,594 733,594 733,585 732,585 732,577 733,577 733,576 734,576 734,575 735,575 735,574 736,574 736,573 738,573 738,572 765,572 765,566 769,566 769,565"/>
	<TextEquiv conf="0.43931">
	<Unicode>geb.</Unicode></TextEquiv></Word>
	<Word id="w657">
	<Coords points="814,585 814,587 815,587 814,587 814,588 813,588 813,589 812,589 812,588 811,588 811,586 812,586 812,585"/>
	<TextEquiv conf="0.43931">
	<Unicode>.</Unicode></TextEquiv></Word>
	<TextEquiv conf="0.79831">
	<Unicode>Preiſe: Ausgabe A (Schwarzdruck) geb. . . . . . . . . . . Mk. 0,60.</Unicode></TextEquiv></TextLine>
	<TextLine id="l381">
	<Coords points="932,606 932,608 1049,608 1049,607 1091,607 1091,614 1094,614 1094,615 1095,615 1095,616 1096,616 1096,618 1097,618 1097,627 1106,627 1106,628 1255,628 1255,609 1256,609 1256,607 1396,607 1396,608 1397,608 1397,609 1398,609 1398,612 1399,612 1399,626 1408,626 1408,627 1409,627 1409,632 1408,632 1408,633 1362,633 1362,635 1361,635 1361,637 1360,637 1360,638 1357,638 1357,637 1356,637 1356,632 1105,632 1105,633 1064,633 1064,634 1063,634 1063,637 1062,637 1062,638 1061,638 1061,639 1058,639 1058,640 1023,640 1023,641 1022,641 1022,642 1020,642 1020,643 1018,643 1018,634 883,634 883,641 882,641 882,642 880,642 880,640 879,640 879,634 751,634 751,637 750,637 750,638 749,638 749,639 748,639 748,640 747,640 747,641 740,641 740,640 738,640 738,639 737,639 737,635 496,635 496,644 494,644 494,643 493,643 493,642 492,642 492,640 491,640 491,639 490,639 490,636 370,636 370,638 369,638 369,639 368,639 368,640 367,640 367,641 364,641 364,642 359,642 359,641 357,641 357,640 356,640 356,635 297,635 297,634 296,634 296,633 295,633 295,632 293,632 293,618 292,618 292,611 293,611 293,610 294,610 294,609 878,609 878,608 880,608 880,607 928,607 928,606"/>
	<Word id="w383">
	<Coords points="403,609 403,616 421,616 421,617 422,617 422,618 423,618 423,620 424,620 424,633 422,633 422,634 420,634 420,635 370,635 370,638 369,638 369,639 368,639 368,640 367,640 367,641 364,641 364,642 359,642 359,641 357,641 357,640 356,640 356,635 297,635 297,634 296,634 296,633 295,633 295,632 293,632 293,618 292,618 292,611 293,611 293,610 294,610 294,609"/>
	<TextEquiv conf="0.91392">
	<Unicode>Ausgabe</Unicode></TextEquiv></Word>
	<Word id="w385">
	<Coords points="463,610 463,611 464,611 464,612 465,612 465,613 466,613 466,625 467,625 467,627 468,627 468,629 467,629 467,632 466,632 466,633 465,633 465,634 464,634 464,635 460,635 460,636 452,636 452,635 446,635 446,610"/>
	<TextEquiv conf="0.91392">
	<Unicode>B</Unicode></TextEquiv></Word>
	<Word id="w387">
	<Coords points="524,609 524,616 537,616 537,617 538,617 538,618 539,618 539,620 540,620 540,633 539,633 539,634 536,634 536,635 496,635 496,644 494,644 494,643 493,643 493,642 492,642 492,640 491,640 491,639 490,639 490,636 489,636 489,634 488,634 488,618 489,618 489,615 490,615 490,613 491,613 491,611 492,611 492,610 493,610 493,609"/>
	<TextEquiv conf="0.96598">
	<Unicode>(die</Unicode></TextEquiv></Word>
	<Word id="w389">
	<Coords points="573,611 573,625 576,625 576,626 577,626 577,628 575,628 575,635 565,635 565,629 561,629 561,623 562,623 562,621 563,621 563,620 564,620 564,618 565,618 565,617 566,617 566,615 567,615 567,614 568,614 568,612 569,612 569,611"/>
	<TextEquiv conf="0.92754">
	<Unicode>4</Unicode></TextEquiv></Word>
	<Word id="w391">
	<Coords points="816,609 816,611 817,611 817,612 818,612 818,613 820,613 820,614 821,614 821,615 855,615 855,616 856,616 856,617 857,617 857,620 856,620 856,621 855,621 855,632 854,632 854,633 852,633 852,634 751,634 751,637 750,637 750,638 749,638 749,639 748,639 748,640 747,640 747,641 740,641 740,640 738,640 738,639 737,639 737,635 603,635 603,634 601,634 601,633 600,633 600,632 599,632 599,631 598,631 598,629 597,629 597,612 598,612 598,611 599,611 599,610 600,610 600,609"/>
	<TextEquiv conf="0.92512">
	<Unicode>Einleitungsbilder</Unicode></TextEquiv></Word>
	<Word id="w393">
	<Coords points="932,606 932,610 929,610 929,630 928,630 928,631 927,631 927,632 925,632 925,633 924,633 924,634 883,634 883,641 882,641 882,642 880,642 880,640 879,640 879,624 878,624 878,608 880,608 880,607 928,607 928,606"/>
	<TextEquiv conf="0.82901">
	<Unicode>ſind</Unicode></TextEquiv></Word>
	<Word id="w395">
	<Coords points="1022,608 1022,609 1023,609 1023,611 1024,611 1024,612 1025,612 1025,614 1026,614 1026,617 1027,617 1027,621 1028,621 1028,628 1027,628 1027,633 1026,633 1026,635 1025,635 1025,637 1024,637 1024,639 1023,639 1023,641 1022,641 1022,642 1020,642 1020,643 1018,643 1018,634 957,634 957,633 954,633 954,632 951,632 951,609 954,609 954,608"/>
	<TextEquiv conf="0.96369">
	<Unicode>bunt)</Unicode></TextEquiv></Word>
	<Word id="w397">
	<Coords points="1091,607 1091,614 1094,614 1094,615 1095,615 1095,616 1096,616 1096,618 1097,618 1097,627 1105,627 1105,628 1106,628 1106,632 1105,632 1105,633 1064,633 1064,634 1063,634 1063,637 1062,637 1062,638 1061,638 1061,639 1058,639 1058,640 1053,640 1053,639 1051,639 1051,638 1050,638 1050,630 1049,630 1049,618 1050,618 1050,617 1051,617 1051,616 1052,616 1052,615 1054,615 1054,614 1082,614 1082,608 1086,608 1086,607"/>
	<TextEquiv conf="0.81575">
	<Unicode>geb.</Unicode></TextEquiv></Word>
	<Word id="w399">
	<Coords points="1170,628 1170,631 1169,631 1169,632 1165,632 1165,628"/>
	<TextEquiv conf="0.65441">
	<Unicode>.</Unicode></TextEquiv></Word>
	<Word id="w401">
	<Coords points="1215,628 1215,631 1214,631 1214,632 1210,632 1210,628"/>
	<TextEquiv conf="0.64336">
	<Unicode>.</Unicode></TextEquiv></Word>
	<Word id="w403">
	<Coords points="1303,607 1303,613 1307,613 1307,615 1308,615 1308,616 1309,616 1309,627 1318,627 1318,628 1319,628 1319,631 1318,631 1318,632 1259,632 1259,631 1258,631 1258,620 1257,620 1257,618 1256,618 1256,616 1255,616 1255,609 1256,609 1256,607"/>
	<TextEquiv conf="0.58106">
	<Unicode>Mk.</Unicode></TextEquiv></Word>
	<Word id="w405">
	<Coords points="1396,607 1396,608 1397,608 1397,609 1398,609 1398,612 1399,612 1399,626 1408,626 1408,627 1409,627 1409,632 1408,632 1408,633 1362,633 1362,635 1361,635 1361,637 1360,637 1360,638 1357,638 1357,637 1356,637 1356,632 1343,632 1343,631 1341,631 1341,630 1339,630 1339,628 1338,628 1338,610 1339,610 1339,609 1340,609 1340,608 1341,608 1341,607"/>
	<TextEquiv conf="0.94408">
	<Unicode>0,70.</Unicode></TextEquiv></Word>
	<TextEquiv conf="0.83982">
	<Unicode>Ausgabe B (die 4 Einleitungsbilder ſind bunt) geb. . . Mk. 0,70.</Unicode></TextEquiv></TextLine>
	<TextEquiv>
	<Unicode>Preiſe: Ausgabe A (Schwarzdruck) geb. . . . . . . . . . . Mk. 0,60.
Ausgabe B (die 4 Einleitungsbilder ſind bunt) geb. . . Mk. 0,70.</Unicode></TextEquiv></TextRegion>
	<SeparatorRegion id="r6">
	<Coords points="1499,678 1499,679 1500,679 1500,684 1200,684 1200,685 1075,685 1075,686 721,686 721,687 92,687 92,686 59,686 59,682 60,682 60,681 687,681 687,680 1113,680 1113,679 1242,679 1242,678"/></SeparatorRegion>
	<TextRegion id="r7" type="heading">
	<Coords points="1206,723 1206,724 1207,724 1207,725 1309,725 1309,724 1313,724 1313,723 1317,723 1317,740 1347,740 1347,741 1348,741 1348,743 1349,743 1349,744 1350,744 1350,746 1351,746 1351,747 1352,747 1352,749 1353,749 1353,750 1354,750 1354,752 1355,752 1355,754 1356,754 1356,755 1357,755 1357,757 1358,757 1358,758 1359,758 1359,763 1358,763 1358,786 1357,786 1357,787 1354,787 1354,788 1352,788 1352,789 1350,789 1350,790 1348,790 1348,791 1346,791 1346,792 1344,792 1344,793 1306,793 1306,794 1220,794 1220,795 1219,795 1219,796 1218,796 1218,797 1217,797 1217,798 1216,798 1216,799 1215,799 1215,800 1214,800 1214,801 1213,801 1213,802 1212,802 1212,803 1211,803 1211,804 1209,804 1209,805 1208,805 1208,806 1207,806 1207,807 1200,807 1200,795 1036,795 1036,796 1035,796 1035,797 1034,797 1034,799 1033,799 1033,800 1032,800 1032,801 1031,801 1031,802 1030,802 1030,804 1028,804 1028,805 985,805 985,886 984,886 984,888 983,888 983,889 982,889 982,890 981,890 981,891 977,891 977,892 882,892 882,893 601,893 601,892 579,892 579,891 577,891 577,890 575,890 575,889 574,889 574,888 572,888 572,887 571,887 571,886 569,886 569,885 568,885 568,884 567,884 567,852 566,852 566,851 565,851 565,797 475,797 475,796 352,796 352,797 347,797 347,796 233,796 233,795 230,795 230,794 228,794 228,793 226,793 226,792 224,792 224,791 210,791 210,762 209,762 209,761 207,761 207,760 206,760 206,759 205,759 205,758 204,758 204,756 203,756 203,754 202,754 202,742 203,742 203,740 204,740 204,738 205,738 205,736 206,736 206,735 207,735 207,734 208,734 208,733 209,733 209,732 210,732 210,731 212,731 212,730 214,730 214,729 216,729 216,728 218,728 218,727 221,727 221,726 228,726 228,725 237,725 237,726 243,726 243,727 247,727 247,728 250,728 250,729 252,729 252,730 254,730 254,731 255,731 255,732 257,732 257,733 259,733 259,734 260,734 260,735 261,735 261,736 262,736 262,737 263,737 263,739 264,739 264,740 265,740 265,741 266,741 266,743 433,743 433,741 434,741 434,739 435,739 435,737 436,737 436,736 437,736 437,735 438,735 438,734 439,734 439,733 440,733 440,732 441,732 441,731 442,731 442,730 444,730 444,729 446,729 446,728 449,728 449,727 451,727 451,726 460,726 460,725 467,725 467,726 510,726 510,727 674,727 674,726 686,726 686,727 688,727 688,728 689,728 689,730 690,730 690,743 809,743 809,742 810,742 810,741 811,741 811,740 812,740 812,739 813,739 813,738 814,738 814,737 815,737 815,736 817,736 817,735 818,735 818,734 819,734 819,733 821,733 821,732 823,732 823,730 825,730 825,729 827,729 827,728 828,728 828,727 830,727 830,726 831,726 831,725 832,725 832,724 836,724 836,725 838,725 838,726 840,726 840,727 860,727 860,742 1093,742 1093,740 1094,740 1094,738 1095,738 1095,737 1096,737 1096,736 1097,736 1097,734 1098,734 1098,733 1100,733 1100,732 1101,732 1101,731 1103,731 1103,730 1105,730 1105,729 1106,729 1106,728 1108,728 1108,727 1110,727 1110,726 1113,726 1113,725 1115,725 1115,724 1116,724 1116,723"/>
	<TextLine id="l407">
	<Coords points="1207,724 1207,725 1309,725 1309,724 1317,724 1317,740 1347,740 1347,741 1348,741 1348,743 1349,743 1349,744 1350,744 1350,746 1351,746 1351,747 1352,747 1352,749 1353,749 1353,750 1354,750 1354,752 1355,752 1355,754 1356,754 1356,755 1357,755 1357,757 1358,757 1358,758 1359,758 1359,763 1358,763 1358,786 1357,786 1357,787 1354,787 1354,788 1352,788 1352,789 1350,789 1350,790 1348,790 1348,791 1346,791 1346,792 1344,792 1344,793 1306,793 1306,794 1220,794 1220,795 1219,795 1219,796 1218,796 1218,797 1217,797 1217,798 1216,798 1216,799 1215,799 1215,800 1214,800 1214,801 1213,801 1213,802 1212,802 1212,803 1211,803 1211,804 1209,804 1209,805 1208,805 1208,806 1207,806 1207,807 1200,807 1200,795 1036,795 1036,796 1035,796 1035,797 1034,797 1034,799 1033,799 1033,800 1032,800 1032,801 1031,801 1031,802 1030,802 1030,804 1028,804 1028,805 1026,805 1026,804 1024,804 1024,796 860,796 860,797 859,797 859,798 858,798 858,799 857,799 857,800 856,800 856,801 855,801 855,802 854,802 854,803 852,803 852,804 851,804 851,805 849,805 849,806 847,806 847,807 845,807 845,808 841,808 841,809 825,809 825,808 822,808 822,807 820,807 820,806 818,806 818,805 817,805 817,796 595,796 595,797 475,797 475,796 352,796 352,797 347,797 347,796 233,796 233,795 230,795 230,794 228,794 228,793 226,793 226,792 224,792 224,791 210,791 210,762 209,762 209,761 207,761 207,760 206,760 206,759 205,759 205,758 204,758 204,756 203,756 203,740 204,740 204,738 205,738 205,736 206,736 206,735 207,735 207,734 208,734 208,733 209,733 209,732 210,732 210,731 212,731 212,730 214,730 214,729 216,729 216,728 218,728 218,727 221,727 221,726 243,726 243,727 247,727 247,728 250,728 250,729 252,729 252,730 254,730 254,731 255,731 255,732 257,732 257,733 259,733 259,734 260,734 260,735 261,735 261,736 262,736 262,737 263,737 263,739 264,739 264,740 265,740 265,741 266,741 266,743 433,743 433,741 434,741 434,739 435,739 435,737 436,737 436,736 437,736 437,735 438,735 438,734 439,734 439,733 440,733 440,732 441,732 441,731 442,731 442,730 444,730 444,729 446,729 446,728 449,728 449,727 451,727 451,726 510,726 510,727 688,727 688,728 689,728 689,730 690,730 690,743 809,743 809,742 810,742 810,741 811,741 811,740 812,740 812,739 813,739 813,738 814,738 814,737 815,737 815,736 817,736 817,735 818,735 818,734 819,734 819,733 821,733 821,732 823,732 823,730 825,730 825,729 827,729 827,728 828,728 828,727 830,727 830,726 831,726 831,725 838,725 838,726 840,726 840,727 860,727 860,742 1093,742 1093,740 1094,740 1094,738 1095,738 1095,737 1096,737 1096,736 1097,736 1097,734 1098,734 1098,733 1100,733 1100,732 1101,732 1101,731 1103,731 1103,730 1105,730 1105,729 1106,729 1106,728 1108,728 1108,727 1110,727 1110,726 1113,726 1113,725 1115,725 1115,724"/>
	<Word id="w409">
	<Coords points="243,726 243,727 247,727 247,728 250,728 250,729 252,729 252,730 254,730 254,731 255,731 255,732 257,732 257,733 259,733 259,734 260,734 260,735 261,735 261,736 262,736 262,737 263,737 263,739 264,739 264,740 265,740 265,741 266,741 266,743 352,743 352,744 353,744 353,745 368,745 368,766 370,766 370,768 371,768 371,772 372,772 372,780 371,780 371,783 370,783 370,785 369,785 369,786 368,786 368,787 367,787 367,788 366,788 366,789 365,789 365,790 364,790 364,791 362,791 362,792 360,792 360,793 359,793 359,794 356,794 356,795 354,795 354,796 352,796 352,797 347,797 347,796 233,796 233,795 230,795 230,794 228,794 228,793 226,793 226,792 224,792 224,791 210,791 210,762 209,762 209,761 207,761 207,760 206,760 206,759 205,759 205,758 204,758 204,756 203,756 203,740 204,740 204,738 205,738 205,736 206,736 206,735 207,735 207,734 208,734 208,733 209,733 209,732 210,732 210,731 212,731 212,730 214,730 214,729 216,729 216,728 218,728 218,727 221,727 221,726"/>
	<TextEquiv conf="0.96161">
	<Unicode>Das</Unicode></TextEquiv></Word>
	<Word id="w411">
	<Coords points="510,726 510,727 589,727 589,732 591,732 591,733 593,733 593,734 595,734 595,735 597,735 597,736 598,736 598,737 600,737 600,738 602,738 602,739 603,739 603,740 605,740 605,741 606,741 606,742 607,742 607,743 608,743 608,744 609,744 609,745 611,745 611,746 612,746 612,748 613,748 613,749 614,749 614,751 615,751 615,752 616,752 616,754 617,754 617,757 618,757 618,761 619,761 619,771 618,771 618,777 617,777 617,780 616,780 616,781 615,781 615,783 614,783 614,785 613,785 613,786 612,786 612,787 611,787 611,788 609,788 609,789 608,789 608,790 607,790 607,791 605,791 605,792 604,792 604,793 602,793 602,794 599,794 599,795 598,795 598,796 595,796 595,797 475,797 475,796 429,796 429,795 427,795 427,794 425,794 425,793 424,793 424,792 423,792 423,791 422,791 422,785 424,785 424,784 426,784 426,783 427,783 427,782 429,782 429,781 431,781 431,746 432,746 432,743 433,743 433,741 434,741 434,739 435,739 435,737 436,737 436,736 437,736 437,735 438,735 438,734 439,734 439,733 440,733 440,732 441,732 441,731 442,731 442,730 444,730 444,729 446,729 446,728 449,728 449,727 451,727 451,726"/>
	<TextEquiv conf="0.96232">
	<Unicode>Kind</Unicode></TextEquiv></Word>
	<Word id="w413">
	<Coords points="688,727 688,728 689,728 689,730 690,730 690,743 734,743 734,744 735,744 735,745 736,745 736,746 738,746 738,747 740,747 740,748 741,748 741,749 743,749 743,750 744,750 744,751 745,751 745,752 746,752 746,785 747,785 747,786 748,786 748,788 747,788 747,789 746,789 746,790 745,790 745,791 743,791 743,792 742,792 742,793 741,793 741,794 740,794 740,795 738,795 738,796 678,796 678,795 677,795 677,794 675,794 675,793 674,793 674,792 673,792 673,790 672,790 672,787 671,787 671,755 667,755 667,750 669,750 669,749 670,749 670,730 671,730 671,728 673,728 673,727"/>
	<TextEquiv conf="0.94511">
	<Unicode>in</Unicode></TextEquiv></Word>
	<Word id="w415">
	<Coords points="838,725 838,726 840,726 840,727 860,727 860,742 998,742 998,743 1000,743 1000,744 1014,744 1014,764 1015,764 1015,765 1016,765 1016,767 1017,767 1017,769 1018,769 1018,776 1036,776 1036,777 1037,777 1037,778 1039,778 1039,779 1040,779 1040,782 1041,782 1041,786 1040,786 1040,789 1039,789 1039,791 1038,791 1038,793 1037,793 1037,795 1036,795 1036,796 1035,796 1035,797 1034,797 1034,799 1033,799 1033,800 1032,800 1032,801 1031,801 1031,802 1030,802 1030,804 1028,804 1028,805 1026,805 1026,804 1024,804 1024,796 860,796 860,797 859,797 859,798 858,798 858,799 857,799 857,800 856,800 856,801 855,801 855,802 854,802 854,803 852,803 852,804 851,804 851,805 849,805 849,806 847,806 847,807 845,807 845,808 841,808 841,809 825,809 825,808 822,808 822,807 820,807 820,806 818,806 818,805 817,805 817,796 806,796 806,795 801,795 801,794 799,794 799,793 798,793 798,792 797,792 797,791 796,791 796,789 795,789 795,783 797,783 797,782 799,782 799,781 801,781 801,780 803,780 803,779 805,779 805,778 806,778 806,748 807,748 807,746 808,746 808,744 809,744 809,742 810,742 810,741 811,741 811,740 812,740 812,739 813,739 813,738 814,738 814,737 815,737 815,736 817,736 817,735 818,735 818,734 819,734 819,733 821,733 821,732 823,732 823,730 825,730 825,729 827,729 827,728 828,728 828,727 830,727 830,726 831,726 831,725"/>
	<TextEquiv conf="0.96262">
	<Unicode>Haus,</Unicode></TextEquiv></Word>
	<Word id="w417">
	<Coords points="1207,724 1207,725 1309,725 1309,724 1317,724 1317,740 1347,740 1347,741 1348,741 1348,743 1349,743 1349,744 1350,744 1350,746 1351,746 1351,747 1352,747 1352,749 1353,749 1353,750 1354,750 1354,752 1355,752 1355,754 1356,754 1356,755 1357,755 1357,757 1358,757 1358,758 1359,758 1359,763 1358,763 1358,786 1357,786 1357,787 1354,787 1354,788 1352,788 1352,789 1350,789 1350,790 1348,790 1348,791 1346,791 1346,792 1344,792 1344,793 1306,793 1306,794 1220,794 1220,795 1219,795 1219,796 1218,796 1218,797 1217,797 1217,798 1216,798 1216,799 1215,799 1215,800 1214,800 1214,801 1213,801 1213,802 1212,802 1212,803 1211,803 1211,804 1209,804 1209,805 1208,805 1208,806 1207,806 1207,807 1200,807 1200,795 1117,795 1117,794 1115,794 1115,793 1112,793 1112,792 1110,792 1110,791 1107,791 1107,790 1104,790 1104,789 1102,789 1102,788 1100,788 1100,787 1090,787 1090,783 1091,783 1091,782 1092,782 1092,742 1093,742 1093,740 1094,740 1094,738 1095,738 1095,737 1096,737 1096,736 1097,736 1097,734 1098,734 1098,733 1100,733 1100,732 1101,732 1101,731 1103,731 1103,730 1105,730 1105,729 1106,729 1106,728 1108,728 1108,727 1110,727 1110,726 1113,726 1113,725 1115,725 1115,724"/>
	<TextEquiv conf="0.95901">
	<Unicode>Schule</Unicode></TextEquiv></Word>
	<TextEquiv conf="0.95813">
	<Unicode>Das Kind in Haus, Schule</Unicode></TextEquiv></TextLine>
	<TextLine id="l7">
	<Coords points="931,823 931,824 953,824 953,842 963,842 963,843 964,843 964,873 979,873 979,874 981,874 981,875 983,875 983,876 984,876 984,878 985,878 985,886 984,886 984,888 983,888 983,889 982,889 982,890 981,890 981,891 977,891 977,892 882,892 882,893 601,893 601,892 579,892 579,891 577,891 577,890 575,890 575,889 574,889 574,888 572,888 572,887 571,887 571,886 569,886 569,885 568,885 568,884 567,884 567,852 566,852 566,847 567,847 567,846 568,846 568,845 570,845 570,844 571,844 571,843 572,843 572,842 574,842 574,841 575,841 575,840 672,840 672,828 673,828 673,827 674,827 674,826 676,826 676,825 677,825 677,824 760,824 760,823"/>
	<Word id="w419">
	<Coords points="685,824 685,827 686,827 686,828 687,828 687,829 689,829 689,830 691,830 691,831 693,831 693,832 695,832 695,833 697,833 697,834 699,834 699,835 700,835 700,836 701,836 701,837 703,837 703,838 704,838 704,839 705,839 705,840 707,840 707,841 708,841 708,842 709,842 709,843 710,843 710,844 711,844 711,845 712,845 712,847 713,847 713,848 714,848 714,850 715,850 715,852 716,852 716,855 717,855 717,859 718,859 718,870 717,870 717,875 716,875 716,877 715,877 715,879 714,879 714,881 713,881 713,882 712,882 712,883 711,883 711,884 709,884 709,885 708,885 708,886 707,886 707,887 705,887 705,888 704,888 704,889 701,889 701,890 700,890 700,891 697,891 697,892 695,892 695,893 601,893 601,892 579,892 579,891 577,891 577,890 575,890 575,889 574,889 574,888 572,888 572,887 571,887 571,886 569,886 569,885 568,885 568,884 567,884 567,852 566,852 566,847 567,847 567,846 568,846 568,845 570,845 570,844 571,844 571,843 572,843 572,842 574,842 574,841 575,841 575,840 672,840 672,828 673,828 673,827 674,827 674,826 676,826 676,825 677,825 677,824"/>
	<TextEquiv conf="0.57977">
	<Unicode>und</Unicode></TextEquiv></Word>
	<Word id="w421">
	<Coords points="931,823 931,824 953,824 953,842 963,842 963,843 964,843 964,873 979,873 979,874 981,874 981,875 983,875 983,876 984,876 984,878 985,878 985,886 984,886 984,888 983,888 983,889 982,889 982,890 981,890 981,891 977,891 977,892 882,892 882,893 784,893 784,892 781,892 781,891 779,891 779,890 777,890 777,889 776,889 776,888 774,888 774,887 773,887 773,886 765,886 765,885 764,885 764,850 763,850 763,848 762,848 762,847 761,847 761,844 760,844 760,831 761,831 761,829 762,829 762,828 763,828 763,827 764,827 764,826 765,826 765,825 767,825 767,824 768,824 768,823"/>
	<TextEquiv conf="0.16723">
	<Unicode>Welt.</Unicode></TextEquiv></Word>
	<TextEquiv conf="0.37350">
	<Unicode>und Welt.</Unicode></TextEquiv></TextLine>
	<TextEquiv>
	<Unicode>Das Kind in Haus, Schule
und Welt.</Unicode></TextEquiv></TextRegion>
	<TextRegion id="r8" type="paragraph">
	<Coords points="1269,933 1269,934 1318,934 1318,935 1366,935 1366,946 1367,946 1367,947 1368,947 1368,954 1378,954 1378,955 1379,955 1379,959 1378,959 1378,1087 1379,1087 1379,1088 1380,1088 1380,1092 1379,1092 1379,1093 1332,1093 1332,1094 1331,1094 1331,1096 1330,1096 1330,1097 1328,1097 1328,1096 1327,1096 1327,1092 1003,1092 1003,1093 762,1093 762,1095 761,1095 761,1097 760,1097 760,1099 759,1099 759,1100 758,1100 758,1101 757,1101 757,1102 754,1102 754,1100 638,1100 638,1099 637,1099 637,1094 421,1094 421,1095 420,1095 420,1097 419,1097 419,1098 418,1098 418,1099 416,1099 416,1100 411,1100 411,1101 409,1101 409,1100 406,1100 406,1094 401,1094 401,1093 353,1093 353,1092 352,1092 352,1080 351,1080 351,1050 327,1050 327,1049 324,1049 324,1048 320,1048 320,1036 316,1036 316,1035 315,1035 315,987 314,987 314,968 243,968 243,967 176,967 176,962 175,962 175,960 171,960 171,949 169,949 169,947 168,947 168,945 167,945 167,942 166,942 166,940 167,940 167,938 168,938 168,937 169,937 169,936 173,936 173,935 422,935 422,936 522,936 522,935 524,935 524,936 693,936 693,935 695,935 695,936 840,936 840,935 844,935 844,943 847,943 847,944 848,944 848,945 849,945 849,949 850,949 850,955 1133,955 1133,954 1221,954 1221,936 1222,936 1222,935 1224,935 1224,934 1227,934 1227,933"/>
	<TextLine id="l423">
	<Coords points="1286,934 1286,935 1366,935 1366,946 1367,946 1367,947 1368,947 1368,954 1378,954 1378,955 1379,955 1379,959 1378,959 1378,960 1377,960 1377,961 1331,961 1331,962 1330,962 1330,964 1329,964 1329,965 1328,965 1328,966 1325,966 1325,960 1227,960 1227,959 1090,959 1090,960 958,960 958,961 817,961 817,963 816,963 816,965 815,965 815,966 814,966 814,967 812,967 812,968 774,968 774,969 773,969 773,970 771,970 771,968 608,968 608,969 517,969 517,970 515,970 515,969 514,969 514,968 513,968 513,967 512,967 512,966 511,966 511,964 510,964 510,962 509,962 509,961 409,961 409,962 392,962 392,964 391,964 391,965 390,965 390,966 389,966 389,967 388,967 388,968 379,968 379,967 378,967 378,966 377,966 377,962 247,962 247,965 246,965 246,968 243,968 243,967 176,967 176,962 175,962 175,960 171,960 171,949 169,949 169,947 168,947 168,945 167,945 167,938 168,938 168,937 169,937 169,936 844,936 844,943 847,943 847,944 848,944 848,945 849,945 849,949 850,949 850,955 1133,955 1133,954 1221,954 1221,936 1222,936 1222,935 1224,935 1224,934"/>
	<Word id="w425">
	<Coords points="249,936 249,941 262,941 262,942 263,942 263,943 277,943 277,944 278,944 278,961 277,961 277,962 247,962 247,965 246,965 246,968 243,968 243,967 176,967 176,962 175,962 175,960 171,960 171,949 169,949 169,947 168,947 168,945 167,945 167,938 168,938 168,937 169,937 169,936"/>
	<TextEquiv conf="0.93230">
	<Unicode>Preiſe:</Unicode></TextEquiv></Word>
	<Word id="w427">
	<Coords points="422,936 422,943 441,943 441,944 442,944 442,945 443,945 443,948 444,948 444,960 442,960 442,961 409,961 409,962 392,962 392,964 391,964 391,965 390,965 390,966 389,966 389,967 388,967 388,968 379,968 379,967 378,967 378,966 377,966 377,962 330,962 330,961 318,961 318,960 317,960 317,959 315,959 315,958 314,958 314,945 313,945 313,937 314,937 314,936"/>
	<TextEquiv conf="0.91633">
	<Unicode>Ausgabe</Unicode></TextEquiv></Word>
	<Word id="w429">
	<Coords points="478,937 478,938 479,938 479,941 480,941 480,944 481,944 481,947 482,947 482,950 483,950 483,952 484,952 484,954 485,954 485,957 486,957 486,958 487,958 487,961 468,961 468,954 469,954 469,952 470,952 470,949 471,949 471,945 472,945 472,943 473,943 473,937"/>
	<TextEquiv conf="0.94074">
	<Unicode>A</Unicode></TextEquiv></Word>
	<Word id="w431">
	<Coords points="525,936 525,943 542,943 542,944 544,944 544,945 545,945 545,958 547,958 547,960 546,960 546,961 544,961 544,962 517,962 517,970 515,970 515,969 514,969 514,968 513,968 513,967 512,967 512,966 511,966 511,964 510,964 510,962 509,962 509,960 508,960 508,944 509,944 509,941 510,941 510,940 511,940 511,938 512,938 512,936"/>
	<TextEquiv conf="0.91914">
	<Unicode>(in</Unicode></TextEquiv></Word>
	<Word id="w433">
	<Coords points="774,936 774,937 775,937 775,938 776,938 776,940 777,940 777,941 778,941 778,943 779,943 779,947 780,947 780,959 779,959 779,962 778,962 778,964 777,964 777,966 776,966 776,967 775,967 775,968 774,968 774,969 773,969 773,970 771,970 771,968 608,968 608,969 606,969 606,962 576,962 576,961 573,961 573,960 568,960 568,940 569,940 569,939 570,939 570,938 572,938 572,937 574,937 574,936"/>
	<TextEquiv conf="0.73964">
	<Unicode>Shwarzdru&gt;)</Unicode></TextEquiv></Word>
	<Word id="w439">
	<Coords points="1366,935 1366,946 1367,946 1367,947 1368,947 1368,954 1378,954 1378,955 1379,955 1379,959 1378,959 1378,960 1377,960 1377,961 1331,961 1331,962 1330,962 1330,964 1329,964 1329,965 1328,965 1328,966 1325,966 1325,960 1311,960 1311,959 1309,959 1309,957 1308,957 1308,956 1307,956 1307,955 1306,955 1306,941 1307,941 1307,939 1308,939 1308,937 1309,937 1309,936 1310,936 1310,935"/>
	<TextEquiv conf="0.69916">
	<Unicode>0,75.</Unicode></TextEquiv></Word>
	<Word id="w624">
	<Coords points="1045,956 1045,957 1046,957 1046,958 1045,958 1045,959 1043,959 1043,957 1042,957 1043,957 1043,956"/>
	<TextEquiv conf="0.02723">
	<Unicode>Mk.</Unicode></TextEquiv></Word>
	<Word id="w627">
	<Coords points="1090,956 1090,958 1089,958 1089,959 1089,958 1087,958 1087,957 1088,957 1088,956"/>
	<TextEquiv conf="0.02723">
	<Unicode>Mk.</Unicode></TextEquiv></Word>
	<Word id="w629">
	<Coords points="1134,956 1135,956 1135,958 1133,958 1133,957 1132,957 1133,957 1133,956 1134,956 1134,955"/>
	<TextEquiv conf="0.02723">
	<Unicode>Mk.</Unicode></TextEquiv></Word>
	<Word id="w630">
	<Coords points="1268,934 1268,942 1273,942 1273,943 1274,943 1274,945 1275,945 1275,955 1284,955 1284,956 1285,956 1285,957 1284,957 1284,958 1253,958 1253,959 1228,959 1228,958 1226,958 1226,957 1225,957 1225,945 1224,945 1224,943 1223,943 1223,942 1222,942 1222,937 1223,937 1223,936 1225,936 1225,935 1228,935 1228,934"/>
	<TextEquiv conf="0.02723">
	<Unicode>Mk.</Unicode></TextEquiv></Word>
	<Word id="w631">
	<Coords points="1180,955 1180,956 1181,956 1181,957 1180,957 1180,958 1178,958 1178,956 1179,956 1179,955"/>
	<TextEquiv conf="0.02723">
	<Unicode>Mk.</Unicode></TextEquiv></Word>
	<Word id="w632">
	<Coords points="843,936 843,944 846,944 846,945 847,945 847,946 848,946 848,950 849,950 849,957 858,957 858,959 857,959 857,960 816,960 816,962 815,962 815,964 814,964 814,965 813,965 813,966 811,966 811,967 807,967 807,966 804,966 804,965 803,965 803,955 802,955 802,950 803,950 803,947 804,947 804,946 805,946 805,945 807,945 807,944 809,944 809,943 835,943 835,938 838,938 838,937 841,937 841,936"/>
	<TextEquiv conf="0.79324">
	<Unicode>geb.</Unicode></TextEquiv></Word>
	<Word id="w634">
	<Coords points="914,956 914,957 915,957 915,959 914,959 914,960 912,960 912,959 911,959 911,957 913,957 913,956"/>
	<TextEquiv conf="0.79324">
	<Unicode>geb.</Unicode></TextEquiv></Word>
	<Word id="w636">
	<Coords points="1001,956 1001,957 1002,957 1002,959 999,959 999,958 998,958 998,957 999,957 999,956"/>
	<TextEquiv conf="0.79324">
	<Unicode>geb.</Unicode></TextEquiv></Word>
	<Word id="w637">
	<Coords points="958,957 958,959 957,959 957,960 956,960 956,959 955,959 955,958 956,958 956,957"/>
	<TextEquiv conf="0.79324">
	<Unicode>geb.</Unicode></TextEquiv></Word>
	<TextEquiv conf="0.74597">
	<Unicode>Preiſe: Ausgabe A (in Schwarzdruck) geb. . . . . . . . Mk. 0,75.</Unicode></TextEquiv></TextLine>
	<TextLine id="l441">
	<Coords points="1285,978 1285,979 1363,979 1363,980 1364,980 1364,981 1365,981 1365,982 1366,982 1366,983 1367,983 1367,987 1368,987 1368,998 1377,998 1377,999 1378,999 1378,1004 1377,1004 1377,1005 1330,1005 1330,1007 1329,1007 1329,1009 1328,1009 1328,1010 1326,1010 1326,1009 1325,1009 1325,1008 1324,1008 1324,1004 1044,1004 1044,1005 1018,1005 1018,1008 1017,1008 1017,1009 1016,1009 1016,1010 1015,1010 1015,1011 1012,1011 1012,1012 977,1012 977,1013 976,1013 976,1014 973,1014 973,1005 836,1005 836,1012 835,1012 835,1013 833,1013 833,1009 832,1009 832,1005 731,1005 731,1006 614,1006 614,1013 517,1013 517,1014 515,1014 515,1013 514,1013 514,1011 513,1011 513,1010 512,1010 512,1008 511,1008 511,1007 510,1007 510,1006 394,1006 394,1007 393,1007 393,1009 392,1009 392,1010 391,1010 391,1011 389,1011 389,1012 382,1012 382,1011 380,1011 380,1010 379,1010 379,1005 320,1005 320,1004 319,1004 319,1003 317,1003 317,1002 316,1002 316,989 315,989 315,981 316,981 316,980 617,980 617,981 724,981 724,980 1044,980 1044,986 1048,986 1048,987 1049,987 1049,989 1050,989 1050,991 1051,991 1051,999 1177,999 1177,998 1220,998 1220,982 1221,982 1221,980 1222,980 1222,979 1224,979 1224,978"/>
	<Word id="w443">
	<Coords points="425,980 425,987 444,987 444,988 445,988 445,990 446,990 446,1003 445,1003 445,1004 443,1004 443,1005 412,1005 412,1006 394,1006 394,1007 393,1007 393,1009 392,1009 392,1010 391,1010 391,1011 389,1011 389,1012 382,1012 382,1011 380,1011 380,1010 379,1010 379,1005 320,1005 320,1004 319,1004 319,1003 317,1003 317,1002 316,1002 316,989 315,989 315,981 316,981 316,980"/>
	<TextEquiv conf="0.92575">
	<Unicode>Ausgabe</Unicode></TextEquiv></Word>
	<Word id="w445">
	<Coords points="485,981 485,982 486,982 486,984 487,984 487,995 488,995 488,1002 487,1002 487,1003 486,1003 486,1004 485,1004 485,1005 482,1005 482,1006 470,1006 470,1005 469,1005 469,981"/>
	<TextEquiv conf="0.92592">
	<Unicode>B</Unicode></TextEquiv></Word>
	<Word id="w447">
	<Coords points="545,980 545,987 559,987 559,989 560,989 560,991 561,991 561,1003 560,1003 560,1004 558,1004 558,1005 529,1005 529,1006 517,1006 517,1014 515,1014 515,1013 514,1013 514,1011 513,1011 513,1010 512,1010 512,1008 511,1008 511,1007 510,1007 510,1003 509,1003 509,989 510,989 510,986 511,986 511,985 512,985 512,982 513,982 513,981 514,981 514,980"/>
	<TextEquiv conf="0.95876">
	<Unicode>(die</Unicode></TextEquiv></Word>
	<Word id="w449">
	<Coords points="617,980 617,981 623,981 623,987 657,987 657,988 658,988 658,989 659,989 659,1002 660,1002 660,1005 658,1005 658,1006 614,1006 614,1013 611,1013 611,1008 610,1008 610,1006 600,1006 600,1005 585,1005 585,1004 583,1004 583,1002 582,1002 582,990 583,990 583,989 584,989 584,988 586,988 586,987 609,987 609,980"/>
	<TextEquiv conf="0.96509">
	<Unicode>erſten</Unicode></TextEquiv></Word>
	<Word id="w451">
	<Coords points="702,982 702,996 705,996 705,1006 672,1006 672,1005 671,1005 671,984 672,984 672,983 673,983 673,982"/>
	<TextEquiv conf="0.96686">
	<Unicode>24</Unicode></TextEquiv></Word>
	<Word id="w453">
	<Coords points="762,980 762,981 772,981 772,982 773,982 773,987 806,987 806,988 808,988 808,989 809,989 809,1002 810,1002 810,1004 809,1004 809,1005 731,1005 731,1006 725,1006 725,1005 722,1005 722,1004 717,1004 717,985 718,985 718,983 720,983 720,982 721,982 721,981 724,981 724,980"/>
	<TextEquiv conf="0.96692">
	<Unicode>Seiten</Unicode></TextEquiv></Word>
	<Word id="w455">
	<Coords points="874,980 874,982 875,982 875,984 877,984 877,985 879,985 879,986 880,986 880,987 881,987 881,988 882,988 882,989 883,989 883,991 884,991 884,1001 883,1001 883,1002 882,1002 882,1003 881,1003 881,1004 879,1004 879,1005 836,1005 836,1012 835,1012 835,1013 833,1013 833,1009 832,1009 832,980"/>
	<TextEquiv conf="0.95802">
	<Unicode>ſind</Unicode></TextEquiv></Word>
	<Word id="w457">
	<Coords points="977,980 977,981 978,981 978,982 979,982 979,984 980,984 980,986 981,986 981,988 982,988 982,993 983,993 983,1001 982,1001 982,1004 981,1004 981,1007 980,1007 980,1009 979,1009 979,1011 978,1011 978,1012 977,1012 977,1013 976,1013 976,1014 973,1014 973,1005 910,1005 910,1004 908,1004 908,1003 907,1003 907,980"/>
	<TextEquiv conf="0.96583">
	<Unicode>bunt)</Unicode></TextEquiv></Word>
	<Word id="w461">
	<Coords points="1180,999 1180,1000 1181,1000 1181,1002 1180,1002 1180,1003 1179,1003 1179,1004 1177,1004 1177,999"/>
	<TextEquiv conf="0.61262">
	<Unicode>.</Unicode></TextEquiv></Word>
	<Word id="w463">
	<Coords points="1268,978 1268,985 1273,985 1273,986 1274,986 1274,987 1275,987 1275,998 1284,998 1284,999 1285,999 1285,1003 1284,1003 1284,1004 1226,1004 1226,1003 1224,1003 1224,992 1223,992 1223,990 1222,990 1222,988 1221,988 1221,980 1222,980 1222,979 1224,979 1224,978"/>
	<TextEquiv conf="0.95509">
	<Unicode>Mk.</Unicode></TextEquiv></Word>
	<Word id="w465">
	<Coords points="1363,979 1363,980 1364,980 1364,981 1365,981 1365,982 1366,982 1366,983 1367,983 1367,987 1368,987 1368,998 1377,998 1377,999 1378,999 1378,1004 1377,1004 1377,1005 1330,1005 1330,1007 1329,1007 1329,1009 1328,1009 1328,1010 1326,1010 1326,1009 1325,1009 1325,1008 1324,1008 1324,1004 1310,1004 1310,1003 1309,1003 1309,1002 1307,1002 1307,1000 1306,1000 1306,999 1305,999 1305,984 1306,984 1306,982 1307,982 1307,981 1308,981 1308,980 1309,980 1309,979"/>
	<TextEquiv conf="0.96583">
	<Unicode>0,90.</Unicode></TextEquiv></Word>
	<Word id="w621">
	<Coords points="1134,1000 1134,1002 1133,1002 1133,1003 1133,1002 1132,1002 1132,1001 1131,1001 1132,1001 1132,1000"/>
	<TextEquiv conf="0.36508">
	<Unicode>geb...</Unicode></TextEquiv></Word>
	<Word id="w622">
	<Coords points="1043,980 1043,987 1047,987 1047,988 1048,988 1048,990 1049,990 1049,992 1050,992 1050,1000 1058,1000 1058,1001 1059,1001 1059,1002 1058,1002 1058,1003 1043,1003 1043,1004 1017,1004 1017,1007 1016,1007 1016,1008 1015,1008 1015,1009 1014,1009 1014,1010 1011,1010 1011,1011 1009,1011 1009,1010 1007,1010 1007,1009 1006,1009 1006,1008 1005,1008 1005,999 1004,999 1004,993 1005,993 1005,991 1006,991 1006,990 1007,990 1007,989 1008,989 1008,988 1010,988 1010,987 1037,987 1037,981 1041,981 1041,980"/>
	<TextEquiv conf="0.36508">
	<Unicode>geb...</Unicode></TextEquiv></Word>
	<Word id="w623">
	<Coords points="1089,1000 1089,1002 1088,1002 1088,1003 1087,1003 1087,1002 1086,1002 1086,1000"/>
	<TextEquiv conf="0.36508">
	<Unicode>geb...</Unicode></TextEquiv></Word>
	<TextEquiv conf="0.87765">
	<Unicode>Ausgabe B (die erſten 24 Seiten ſind bunt) geb. . . . Mk. 0,90.</Unicode></TextEquiv></TextLine>
	<TextLine id="l467">
	<Coords points="1102,1023 1102,1025 1103,1025 1103,1026 1104,1026 1104,1027 1106,1027 1106,1028 1107,1028 1107,1029 1113,1029 1113,1030 1186,1030 1186,1031 1187,1031 1187,1034 1186,1034 1186,1035 1184,1035 1184,1047 1181,1047 1181,1048 983,1048 983,1049 936,1049 936,1052 935,1052 935,1053 934,1053 934,1055 930,1055 930,1056 855,1056 855,1058 852,1058 852,1057 851,1057 851,1056 850,1056 850,1055 849,1055 849,1053 848,1053 848,1052 847,1052 847,1050 736,1050 736,1052 735,1052 735,1054 734,1054 734,1055 733,1055 733,1056 726,1056 726,1055 725,1055 725,1054 724,1054 724,1051 669,1051 669,1050 468,1050 468,1052 467,1052 467,1053 466,1053 466,1055 464,1055 464,1056 371,1056 371,1055 370,1055 370,1050 327,1050 327,1049 324,1049 324,1048 320,1048 320,1036 316,1036 316,1027 317,1027 317,1026 319,1026 319,1025 321,1025 321,1024 436,1024 436,1025 612,1025 612,1024 1047,1024 1047,1023"/>
	<Word id="w469">
	<Coords points="414,1024 414,1031 433,1031 433,1032 434,1032 434,1034 435,1034 435,1036 436,1036 436,1039 435,1039 435,1047 434,1047 434,1048 432,1048 432,1049 374,1049 374,1053 373,1053 373,1056 371,1056 371,1055 370,1055 370,1050 327,1050 327,1049 324,1049 324,1048 320,1048 320,1036 316,1036 316,1027 317,1027 317,1026 319,1026 319,1025 321,1025 321,1024"/>
	<TextEquiv conf="0.96220">
	<Unicode>Dieſelbe</Unicode></TextEquiv></Word>
	<Word id="w471">
	<Coords points="546,1025 546,1027 547,1027 547,1028 548,1028 548,1029 550,1029 550,1030 551,1030 551,1031 569,1031 569,1032 588,1032 588,1033 589,1033 589,1046 590,1046 590,1049 589,1049 589,1050 468,1050 468,1052 467,1052 467,1053 466,1053 466,1055 464,1055 464,1056 455,1056 455,1055 454,1055 454,1035 455,1035 455,1034 456,1034 456,1033 457,1033 457,1032 459,1032 459,1031 485,1031 485,1025"/>
	<TextEquiv conf="0.96047">
	<Unicode>gebunden</Unicode></TextEquiv></Word>
	<Word id="w473">
	<Coords points="617,1024 617,1031 634,1031 634,1032 635,1032 635,1033 636,1033 636,1046 637,1046 637,1049 636,1049 636,1050 614,1050 614,1049 613,1049 613,1048 612,1048 612,1024"/>
	<TextEquiv conf="0.96378">
	<Unicode>in</Unicode></TextEquiv></Word>
	<Word id="w475">
	<Coords points="770,1024 770,1031 821,1031 821,1032 823,1032 823,1033 824,1033 824,1046 825,1046 825,1048 824,1048 824,1049 822,1049 822,1050 736,1050 736,1052 735,1052 735,1054 734,1054 734,1055 733,1055 733,1056 726,1056 726,1055 725,1055 725,1054 724,1054 724,1051 669,1051 669,1050 665,1050 665,1049 663,1049 663,1048 662,1048 662,1047 661,1047 661,1046 660,1046 660,1043 659,1043 659,1029 660,1029 660,1027 661,1027 661,1026 662,1026 662,1025 664,1025 664,1024"/>
	<TextEquiv conf="0.87069">
	<Unicode>Ganzleinen</Unicode></TextEquiv></Word>
	<Word id="w477">
	<Coords points="968,1024 968,1030 985,1030 985,1031 986,1031 986,1032 987,1032 987,1035 988,1035 988,1047 986,1047 986,1048 983,1048 983,1049 936,1049 936,1052 935,1052 935,1053 934,1053 934,1055 930,1055 930,1056 855,1056 855,1058 852,1058 852,1057 851,1057 851,1056 850,1056 850,1055 849,1055 849,1053 848,1053 848,1052 847,1052 847,1049 846,1049 846,1032 847,1032 847,1030 848,1030 848,1028 849,1028 849,1026 850,1026 850,1025 851,1025 851,1024"/>
	<TextEquiv conf="0.87069">
	<Unicode>(Ausgabe</Unicode></TextEquiv></Word>
	<Word id="w479">
	<Coords points="1018,1024 1018,1027 1019,1027 1019,1030 1020,1030 1020,1033 1021,1033 1021,1036 1022,1036 1022,1038 1023,1038 1023,1042 1024,1042 1024,1044 1025,1044 1025,1045 1026,1045 1026,1048 1006,1048 1006,1044 1007,1044 1007,1040 1008,1040 1008,1038 1009,1038 1009,1034 1010,1034 1010,1031 1011,1031 1011,1025 1012,1025 1012,1024"/>
	<TextEquiv conf="0.89820">
	<Unicode>A</Unicode></TextEquiv></Word>
	<Word id="w481">
	<Coords points="1102,1023 1102,1025 1103,1025 1103,1026 1104,1026 1104,1027 1106,1027 1106,1028 1107,1028 1107,1029 1109,1029 1109,1030 1110,1030 1110,1031 1111,1031 1111,1033 1112,1033 1112,1037 1113,1037 1113,1041 1112,1041 1112,1044 1111,1044 1111,1045 1110,1045 1110,1046 1109,1046 1109,1047 1108,1047 1108,1048 1050,1048 1050,1047 1048,1047 1048,1046 1047,1046 1047,1030 1075,1030 1075,1023"/>
	<TextEquiv conf="0.95974">
	<Unicode>wird</Unicode></TextEquiv></Word>
	<Word id="w483">
	<Coords points="1186,1030 1186,1031 1187,1031 1187,1034 1186,1034 1186,1035 1184,1035 1184,1047 1181,1047 1181,1048 1137,1048 1137,1047 1136,1047 1136,1033 1135,1033 1135,1030"/>
	<TextEquiv conf="0.96794">
	<Unicode>nur</Unicode></TextEquiv></Word>
	<TextEquiv conf="0.93171">
	<Unicode>Dieſelbe gebunden in Ganzleinen (Ausgabe A wird nur</Unicode></TextEquiv></TextLine>
	<TextLine id="l485">
	<Coords points="1287,1067 1287,1068 1366,1068 1366,1069 1367,1069 1367,1070 1368,1070 1368,1072 1369,1072 1369,1076 1370,1076 1370,1086 1378,1086 1378,1087 1379,1087 1379,1088 1380,1088 1380,1092 1379,1092 1379,1093 1332,1093 1332,1094 1331,1094 1331,1096 1330,1096 1330,1097 1328,1097 1328,1096 1327,1096 1327,1092 1003,1092 1003,1093 762,1093 762,1095 761,1095 761,1097 760,1097 760,1099 759,1099 759,1100 758,1100 758,1101 757,1101 757,1102 754,1102 754,1100 638,1100 638,1099 637,1099 637,1094 421,1094 421,1095 420,1095 420,1097 419,1097 419,1098 418,1098 418,1099 416,1099 416,1100 411,1100 411,1101 409,1101 409,1100 406,1100 406,1094 401,1094 401,1093 353,1093 353,1092 352,1092 352,1068 505,1068 505,1075 701,1075 701,1069 758,1069 758,1070 759,1070 759,1071 760,1071 760,1073 761,1073 761,1075 762,1075 762,1078 763,1078 763,1083 764,1083 764,1088 1000,1088 1000,1087 1222,1087 1222,1070 1223,1070 1223,1068 1224,1068 1224,1067"/>
	<Word id="w487">
	<Coords points="356,1068 356,1075 374,1075 374,1076 376,1076 376,1089 377,1089 377,1090 378,1090 378,1092 377,1092 377,1093 353,1093 353,1092 352,1092 352,1068"/>
	<TextEquiv conf="0.96722">
	<Unicode>in</Unicode></TextEquiv></Word>
	<Word id="w489">
	<Coords points="505,1068 505,1075 547,1075 547,1076 558,1076 558,1077 559,1077 559,1090 560,1090 560,1093 558,1093 558,1094 421,1094 421,1095 420,1095 420,1097 419,1097 419,1098 418,1098 418,1099 416,1099 416,1100 411,1100 411,1101 409,1101 409,1100 406,1100 406,1094 401,1094 401,1089 402,1089 402,1075 403,1075 403,1073 404,1073 404,1072 405,1072 405,1071 406,1071 406,1070 408,1070 408,1069 409,1069 409,1068"/>
	<TextEquiv conf="0.93278">
	<Unicode>Halbleinen</Unicode></TextEquiv></Word>
	<Word id="w495">
	<Coords points="1366,1068 1366,1069 1367,1069 1367,1070 1368,1070 1368,1072 1369,1072 1369,1076 1370,1076 1370,1086 1378,1086 1378,1087 1379,1087 1379,1088 1380,1088 1380,1092 1379,1092 1379,1093 1332,1093 1332,1094 1331,1094 1331,1096 1330,1096 1330,1097 1328,1097 1328,1096 1327,1096 1327,1092 1312,1092 1312,1073 1311,1073 1311,1070 1313,1070 1313,1069 1315,1069 1315,1068"/>
	<TextEquiv conf="0.94306">
	<Unicode>1,19.</Unicode></TextEquiv></Word>
	<Word id="w568">
	<Coords points="756,1069 756,1070 757,1070 757,1071 758,1071 758,1072 759,1072 759,1074 760,1074 760,1076 761,1076 761,1079 762,1079 762,1084 763,1084 763,1086 762,1086 762,1091 761,1091 761,1094 760,1094 760,1096 759,1096 759,1098 758,1098 758,1099 757,1099 757,1100 756,1100 756,1101 755,1101 755,1099 639,1099 639,1098 638,1098 638,1093 585,1093 585,1092 584,1092 584,1090 583,1090 583,1087 582,1087 582,1083 583,1083 583,1081 584,1081 584,1079 586,1079 586,1078 587,1078 587,1077 589,1077 589,1076 702,1076 702,1070 707,1070 707,1069"/>
	<TextEquiv conf="0.73375">
	<Unicode>ausgegeben)</Unicode></TextEquiv></Word>
	<Word id="w570">
	<Coords points="825,1089 825,1090 826,1090 826,1091 825,1091 825,1092 823,1092 823,1091 822,1091 822,1090 823,1090 823,1089"/>
	<TextEquiv conf="0.73375">
	<Unicode>ausgegeben)</Unicode></TextEquiv></Word>
	<Word id="w572">
	<Coords points="870,1089 870,1090 871,1090 871,1091 870,1091 870,1092 868,1092 868,1090 869,1090 869,1089"/>
	<TextEquiv conf="0.73375">
	<Unicode>ausgegeben)</Unicode></TextEquiv></Word>
	<Word id="w574">
	<Coords points="915,1089 915,1092 913,1092 913,1091 912,1091 912,1090 913,1090 913,1089"/>
	<TextEquiv conf="0.73375">
	<Unicode>ausgegeben)</Unicode></TextEquiv></Word>
	<Word id="w575">
	<Coords points="959,1089 959,1091 958,1091 958,1092 957,1092 957,1091 956,1091 956,1090 957,1090 957,1089"/>
	<TextEquiv conf="0.73375">
	<Unicode>ausgegeben)</Unicode></TextEquiv></Word>
	<Word id="w576">
	<Coords points="1002,1088 1002,1089 1003,1089 1003,1091 1002,1091 1002,1092 1001,1092 1001,1091 1000,1091 1000,1089 1001,1089 1001,1088"/>
	<TextEquiv conf="0.29058">
	<Unicode>Mk.</Unicode></TextEquiv></Word>
	<Word id="w579">
	<Coords points="1046,1088 1046,1089 1047,1089 1047,1091 1044,1091 1044,1089 1045,1089 1045,1088"/>
	<TextEquiv conf="0.29058">
	<Unicode>Mk.</Unicode></TextEquiv></Word>
	<Word id="w581">
	<Coords points="1091,1088 1091,1089 1092,1089 1091,1089 1091,1091 1089,1091 1089,1090 1088,1090 1088,1089 1089,1089 1089,1088"/>
	<TextEquiv conf="0.29058">
	<Unicode>Mk.</Unicode></TextEquiv></Word>
	<Word id="w583">
	<Coords points="1136,1088 1136,1089 1137,1089 1137,1090 1136,1090 1136,1091 1134,1091 1134,1090 1133,1090 1133,1089 1134,1089 1134,1088"/>
	<TextEquiv conf="0.29058">
	<Unicode>Mk.</Unicode></TextEquiv></Word>
	<Word id="w584">
	<Coords points="1270,1067 1270,1074 1274,1074 1274,1075 1275,1075 1275,1077 1276,1077 1276,1087 1285,1087 1285,1088 1286,1088 1286,1090 1285,1090 1285,1091 1228,1091 1228,1090 1227,1090 1227,1077 1226,1077 1226,1076 1225,1076 1225,1075 1224,1075 1224,1073 1223,1073 1223,1071 1224,1071 1224,1069 1225,1069 1225,1068 1226,1068 1226,1067"/>
	<TextEquiv conf="0.29058">
	<Unicode>Mk.</Unicode></TextEquiv></Word>
	<Word id="w585">
	<Coords points="1182,1088 1182,1090 1181,1090 1181,1091 1180,1091 1180,1090 1179,1090 1179,1088"/>
	<TextEquiv conf="0.29058">
	<Unicode>Mk.</Unicode></TextEquiv></Word>
	<TextEquiv conf="0.77348">
	<Unicode>in Halbleinen ausgegeben) . . . . . . . . .Mk. 1,10.</Unicode></TextEquiv></TextLine>
	<TextEquiv>
	<Unicode>Preiſe: Ausgabe A (in Schwarzdruck) geb. . . . . . . . Mk. 0,75.
Ausgabe B (die erſten 24 Seiten ſind bunt) geb. . . . Mk. 0,90.
Dieſelbe gebunden in Ganzleinen (Ausgabe A wird nur
in Halbleinen ausgegeben) . . . . . . . . .Mk. 1,10.</Unicode></TextEquiv></TextRegion>
	<TextRegion id="r9" type="heading">
	<Coords points="1114,1137 1114,1138 1115,1138 1115,1140 1116,1140 1116,1141 1119,1141 1119,1142 1120,1142 1120,1143 1122,1143 1122,1144 1123,1144 1123,1145 1124,1145 1124,1146 1125,1146 1125,1148 1126,1148 1126,1157 1136,1157 1136,1158 1137,1158 1137,1163 1135,1163 1135,1164 1051,1164 1051,1165 1050,1165 1050,1166 1049,1166 1049,1167 1048,1167 1048,1168 1047,1168 1047,1169 1023,1169 1023,1170 1020,1170 1020,1166 1019,1166 1019,1164 804,1164 804,1165 597,1165 597,1170 596,1170 596,1171 594,1171 594,1170 501,1170 501,1169 499,1169 499,1165 438,1165 438,1164 437,1164 437,1163 436,1163 436,1162 434,1162 434,1152 433,1152 433,1151 432,1151 432,1148 431,1148 431,1147 430,1147 430,1142 431,1142 431,1140 433,1140 433,1139 437,1139 437,1138 439,1138 439,1139 605,1139 605,1138 1019,1138 1019,1137"/>
	<TextLine id="l497">
	<Coords points="1115,1138 1115,1140 1116,1140 1116,1141 1119,1141 1119,1142 1120,1142 1120,1143 1122,1143 1122,1144 1123,1144 1123,1145 1124,1145 1124,1146 1125,1146 1125,1148 1126,1148 1126,1157 1136,1157 1136,1158 1137,1158 1137,1163 1135,1163 1135,1164 1051,1164 1051,1165 1050,1165 1050,1166 1049,1166 1049,1167 1048,1167 1048,1168 1047,1168 1047,1169 1023,1169 1023,1170 1020,1170 1020,1166 1019,1166 1019,1164 804,1164 804,1165 597,1165 597,1170 596,1170 596,1171 594,1171 594,1170 501,1170 501,1169 499,1169 499,1165 438,1165 438,1164 437,1164 437,1163 436,1163 436,1162 434,1162 434,1152 433,1152 433,1151 432,1151 432,1148 431,1148 431,1140 433,1140 433,1139 868,1139 868,1138"/>
	<Word id="w499">
	<Coords points="545,1139 545,1145 568,1145 568,1147 569,1147 569,1149 570,1149 570,1151 571,1151 571,1153 570,1153 570,1162 569,1162 569,1163 568,1163 568,1164 566,1164 566,1165 513,1165 513,1167 512,1167 512,1168 511,1168 511,1169 509,1169 509,1170 501,1170 501,1169 499,1169 499,1165 438,1165 438,1164 437,1164 437,1163 436,1163 436,1162 434,1162 434,1152 433,1152 433,1151 432,1151 432,1148 431,1148 431,1140 433,1140 433,1139"/>
	<TextEquiv conf="0.73247">
	<Unicode>Ausgabe</Unicode></TextEquiv></Word>
	<Word id="w501">
	<Coords points="617,1139 617,1144 626,1144 626,1145 635,1145 635,1146 636,1146 636,1151 634,1151 634,1163 632,1163 632,1164 631,1164 631,1165 597,1165 597,1170 596,1170 596,1171 594,1171 594,1170 593,1170 593,1162 592,1162 592,1150 591,1150 591,1145 592,1145 592,1139"/>
	<TextEquiv conf="0.92561">
	<Unicode>für</Unicode></TextEquiv></Word>
	<Word id="w503">
	<Coords points="757,1139 757,1150 766,1150 766,1151 767,1151 767,1160 766,1160 766,1161 757,1161 757,1163 756,1163 756,1164 754,1164 754,1165 660,1165 660,1164 658,1164 658,1163 657,1163 657,1140 658,1140 658,1139"/>
	<TextEquiv conf="0.92451">
	<Unicode>Mittel⸗</Unicode></TextEquiv></Word>
	<Word id="w505">
	<Coords points="835,1139 835,1141 836,1141 836,1142 839,1142 839,1143 840,1143 840,1144 842,1144 842,1145 843,1145 843,1146 844,1146 844,1147 845,1147 845,1149 846,1149 846,1160 845,1160 845,1161 844,1161 844,1162 842,1162 842,1163 841,1163 841,1164 804,1164 804,1165 801,1165 801,1164 790,1164 790,1163 789,1163 789,1150 788,1150 788,1145 789,1145 789,1144 831,1144 831,1140 832,1140 832,1139"/>
	<TextEquiv conf="0.96197">
	<Unicode>und</Unicode></TextEquiv></Word>
	<Word id="w507">
	<Coords points="1115,1138 1115,1140 1116,1140 1116,1141 1119,1141 1119,1142 1120,1142 1120,1143 1122,1143 1122,1144 1123,1144 1123,1145 1124,1145 1124,1146 1125,1146 1125,1148 1126,1148 1126,1157 1136,1157 1136,1158 1137,1158 1137,1163 1135,1163 1135,1164 1051,1164 1051,1165 1050,1165 1050,1166 1049,1166 1049,1167 1048,1167 1048,1168 1047,1168 1047,1169 1023,1169 1023,1170 1020,1170 1020,1166 1019,1166 1019,1164 871,1164 871,1163 869,1163 869,1148 868,1148 868,1140 869,1140 869,1139 870,1139 870,1138"/>
	<TextEquiv conf="0.76751">
	<Unicode>Norddeutſchland.</Unicode></TextEquiv></Word>
	<TextEquiv conf="0.86242">
	<Unicode>Ausgabe für Mittel⸗ und Norddeutſchland.</Unicode></TextEquiv></TextLine>
	<TextEquiv>
	<Unicode>Ausgabe für Mittel⸗ und Norddeutſchland.</Unicode></TextEquiv></TextRegion>
	<TextRegion id="r10" type="paragraph">
	<Coords points="601,1169 601,1192 794,1192 794,1191 799,1191 799,1199 803,1199 803,1200 804,1200 804,1201 805,1201 805,1211 1092,1211 1092,1210 1224,1210 1224,1195 1225,1195 1225,1192 1226,1192 1226,1191 1227,1191 1227,1190 1229,1190 1229,1189 1273,1189 1273,1191 1369,1191 1369,1192 1370,1192 1370,1203 1371,1203 1371,1206 1372,1206 1372,1210 1381,1210 1381,1211 1382,1211 1382,1215 1381,1215 1381,1216 1380,1216 1380,1217 1379,1217 1379,1342 1380,1342 1380,1343 1381,1343 1381,1348 1380,1348 1380,1349 1333,1349 1333,1351 1332,1351 1332,1353 1331,1353 1331,1354 1327,1354 1327,1349 1314,1349 1314,1348 1228,1348 1228,1347 1093,1347 1093,1348 873,1348 873,1349 728,1349 728,1351 727,1351 727,1353 726,1353 726,1355 725,1355 725,1356 724,1356 724,1357 723,1357 723,1358 720,1358 720,1356 605,1356 605,1355 603,1355 603,1350 578,1350 578,1349 474,1349 474,1350 390,1350 390,1351 389,1351 389,1352 388,1352 388,1353 387,1353 387,1354 386,1354 386,1355 384,1355 384,1356 376,1356 376,1350 322,1350 322,1349 321,1349 321,1348 320,1348 320,1338 319,1338 319,1336 318,1336 318,1292 317,1292 317,1224 248,1224 248,1223 180,1223 180,1217 179,1217 179,1216 175,1216 175,1205 174,1205 174,1204 173,1204 173,1202 172,1202 172,1200 171,1200 171,1195 172,1195 172,1193 174,1193 174,1192 176,1192 176,1191 497,1191 497,1169"/>
	<TextLine id="l21">
	<Coords points="1273,1190 1273,1191 1290,1191 1290,1192 1370,1192 1370,1203 1371,1203 1371,1206 1372,1206 1372,1210 1381,1210 1381,1211 1382,1211 1382,1215 1381,1215 1381,1216 1380,1216 1380,1217 1334,1217 1334,1218 1333,1218 1333,1220 1332,1220 1332,1221 1331,1221 1331,1222 1328,1222 1328,1216 1231,1216 1231,1215 1006,1215 1006,1216 798,1216 798,1217 772,1217 772,1219 771,1219 771,1221 770,1221 770,1222 769,1222 769,1223 766,1223 766,1224 730,1224 730,1225 729,1225 729,1226 726,1226 726,1224 519,1224 519,1226 517,1226 517,1225 516,1225 516,1224 515,1224 515,1222 514,1222 514,1221 513,1221 513,1218 512,1218 512,1217 396,1217 396,1220 395,1220 395,1222 394,1222 394,1223 392,1223 392,1224 385,1224 385,1223 383,1223 383,1222 382,1222 382,1218 251,1218 251,1223 250,1223 250,1224 248,1224 248,1223 180,1223 180,1217 179,1217 179,1216 175,1216 175,1205 174,1205 174,1204 173,1204 173,1202 172,1202 172,1193 174,1193 174,1192 799,1192 799,1199 803,1199 803,1200 804,1200 804,1201 805,1201 805,1211 1092,1211 1092,1210 1224,1210 1224,1195 1225,1195 1225,1192 1226,1192 1226,1191 1227,1191 1227,1190"/>
	<Word id="w23">
	<Coords points="254,1192 254,1198 268,1198 268,1199 282,1199 282,1200 283,1200 283,1201 284,1201 284,1203 283,1203 283,1217 282,1217 282,1218 251,1218 251,1223 250,1223 250,1224 248,1224 248,1223 180,1223 180,1217 179,1217 179,1216 175,1216 175,1205 174,1205 174,1204 173,1204 173,1202 172,1202 172,1193 174,1193 174,1192"/>
	<TextEquiv conf="0.91913">
	<Unicode>Preiſe:</Unicode></TextEquiv></Word>
	<Word id="w25">
	<Coords points="427,1192 427,1199 447,1199 447,1202 448,1202 448,1203 449,1203 449,1206 448,1206 448,1216 444,1216 444,1217 396,1217 396,1220 395,1220 395,1222 394,1222 394,1223 392,1223 392,1224 385,1224 385,1223 383,1223 383,1222 382,1222 382,1218 324,1218 324,1217 323,1217 323,1216 321,1216 321,1215 320,1215 320,1214 319,1214 319,1201 318,1201 318,1193 322,1193 322,1192"/>
	<TextEquiv conf="0.91913">
	<Unicode>Ausgabe</Unicode></TextEquiv></Word>
	<Word id="w27">
	<Coords points="483,1193 483,1197 484,1197 484,1199 485,1199 485,1203 486,1203 486,1205 487,1205 487,1208 488,1208 488,1211 489,1211 489,1213 490,1213 490,1217 471,1217 471,1212 472,1212 472,1210 473,1210 473,1207 474,1207 474,1204 475,1204 475,1202 476,1202 476,1199 477,1199 477,1193"/>
	<TextEquiv conf="0.91116">
	<Unicode>A</Unicode></TextEquiv></Word>
	<Word id="w29">
	<Coords points="729,1192 729,1193 730,1193 730,1194 731,1194 731,1196 732,1196 732,1197 733,1197 733,1199 734,1199 734,1202 735,1202 735,1206 736,1206 736,1211 735,1211 735,1216 734,1216 734,1219 733,1219 733,1221 732,1221 732,1222 731,1222 731,1224 730,1224 730,1225 729,1225 729,1226 726,1226 726,1224 519,1224 519,1226 517,1226 517,1225 516,1225 516,1224 515,1224 515,1222 514,1222 514,1221 513,1221 513,1218 512,1218 512,1215 511,1215 511,1201 512,1201 512,1198 513,1198 513,1196 514,1196 514,1194 515,1194 515,1193 516,1193 516,1192"/>
	<TextEquiv conf="0.66086">
	<Unicode>(Schwarzdruck)</Unicode></TextEquiv></Word>
	<Word id="w35">
	<Coords points="1370,1192 1370,1203 1371,1203 1371,1206 1372,1206 1372,1210 1381,1210 1381,1211 1382,1211 1382,1215 1381,1215 1381,1216 1380,1216 1380,1217 1334,1217 1334,1218 1333,1218 1333,1220 1332,1220 1332,1221 1331,1221 1331,1222 1328,1222 1328,1216 1314,1216 1314,1215 1312,1215 1312,1214 1311,1214 1311,1212 1310,1212 1310,1195 1311,1195 1311,1194 1312,1194 1312,1192"/>
	<TextEquiv conf="0.95174">
	<Unicode>0,75.</Unicode></TextEquiv></Word>
	<Word id="w587">
	<Coords points="1272,1190 1272,1198 1277,1198 1277,1199 1278,1199 1278,1211 1288,1211 1288,1212 1289,1212 1289,1213 1288,1213 1288,1214 1287,1214 1287,1215 1232,1215 1232,1214 1230,1214 1230,1213 1229,1213 1229,1200 1228,1200 1228,1199 1227,1199 1227,1198 1226,1198 1226,1196 1225,1196 1226,1196 1226,1193 1227,1193 1227,1192 1228,1192 1228,1191 1230,1191 1230,1190"/>
	<TextEquiv conf="0.12275">
	<Unicode>Mk.</Unicode></TextEquiv></Word>
	<Word id="w589">
	<Coords points="1183,1211 1183,1212 1184,1212 1184,1214 1182,1214 1182,1213 1181,1213 1181,1212 1182,1212 1182,1211"/>
	<TextEquiv conf="0.12275">
	<Unicode>.</Unicode></TextEquiv></Word>
	<Word id="w591">
	<Coords points="1138,1211 1138,1212 1139,1212 1139,1214 1137,1214 1137,1213 1136,1213 1136,1212 1137,1212 1137,1211"/>
	<TextEquiv conf="0.12275">
	<Unicode>.</Unicode></TextEquiv></Word>
	<Word id="w592">
	<Coords points="1093,1212 1094,1212 1094,1213 1095,1213 1094,1213 1094,1214 1092,1214 1092,1213 1091,1213 1092,1213 1092,1212 1093,1212 1093,1211"/>
	<TextEquiv conf="0.12275">
	<Unicode>.</Unicode></TextEquiv></Word>
	<Word id="w593">
	<Coords points="1050,1212 1050,1214 1048,1214 1048,1213 1047,1213 1048,1213 1048,1212"/>
	<TextEquiv conf="0.12275">
	<Unicode>.</Unicode></TextEquiv></Word>
	<Word id="w594">
	<Coords points="798,1192 798,1200 802,1200 802,1201 803,1201 803,1202 804,1202 804,1212 813,1212 813,1213 814,1213 814,1214 813,1214 813,1215 797,1215 797,1216 771,1216 771,1218 770,1218 770,1220 769,1220 769,1221 768,1221 768,1222 765,1222 765,1223 761,1223 761,1222 760,1222 760,1221 759,1221 759,1212 758,1212 758,1204 759,1204 759,1202 760,1202 760,1201 762,1201 762,1200 763,1200 763,1199 791,1199 791,1193 795,1193 795,1192"/>
	<TextEquiv conf="0.83478">
	<Unicode>geb.</Unicode></TextEquiv></Word>
	<Word id="w596">
	<Coords points="873,1212 873,1213 875,1213 875,1214 874,1214 874,1215 872,1215 872,1214 871,1214 871,1213 872,1213 872,1212"/>
	<TextEquiv conf="0.83478">
	<Unicode>.</Unicode></TextEquiv></Word>
	<Word id="w599">
	<Coords points="1006,1212 1006,1214 1005,1214 1005,1215 1004,1215 1004,1214 1003,1214 1003,1212"/>
	<TextEquiv conf="0.83478">
	<Unicode>.</Unicode></TextEquiv></Word>
	<Word id="w600">
	<Coords points="918,1212 918,1213 919,1213 919,1214 918,1214 918,1215 916,1215 916,1212"/>
	<TextEquiv conf="0.83478">
	<Unicode>.</Unicode></TextEquiv></Word>
	<Word id="w601">
	<Coords points="962,1212 962,1213 963,1213 963,1214 962,1214 962,1215 960,1215 960,1214 959,1214 959,1213 960,1213 960,1212"/>
	<TextEquiv conf="0.83478">
	<Unicode>.</Unicode></TextEquiv></Word>
	<TextEquiv conf="0.75993">
	<Unicode>Preiſe: Ausgabe A (Schwarzdruck) geb. . . . . . . . . Mk. 0,75.</Unicode></TextEquiv></TextLine>
	<TextLine id="l9">
	<Coords points="1287,1234 1287,1235 1364,1235 1364,1236 1366,1236 1366,1237 1367,1237 1367,1239 1368,1239 1368,1241 1369,1241 1369,1254 1378,1254 1378,1255 1379,1255 1379,1260 1377,1260 1377,1261 1331,1261 1331,1263 1330,1263 1330,1264 1329,1264 1329,1265 1328,1265 1328,1266 1326,1266 1326,1264 1325,1264 1325,1260 1227,1260 1227,1259 1065,1259 1065,1260 1024,1260 1024,1261 1023,1261 1023,1264 1022,1264 1022,1265 1021,1265 1021,1266 1019,1266 1019,1267 983,1267 983,1268 981,1268 981,1269 979,1269 979,1261 841,1261 841,1268 838,1268 838,1262 837,1262 837,1261 737,1261 737,1262 610,1262 610,1263 609,1263 609,1268 519,1268 519,1270 516,1270 516,1269 515,1269 515,1268 514,1268 514,1266 513,1266 513,1264 512,1264 512,1262 396,1262 396,1265 395,1265 395,1266 394,1266 394,1267 393,1267 393,1268 389,1268 389,1269 387,1269 387,1268 383,1268 383,1267 382,1267 382,1262 323,1262 323,1261 322,1261 322,1260 321,1260 321,1259 319,1259 319,1246 318,1246 318,1237 322,1237 322,1236 562,1236 562,1237 729,1237 729,1236 1049,1236 1049,1241 1053,1241 1053,1242 1054,1242 1054,1243 1055,1243 1055,1244 1056,1244 1056,1247 1057,1247 1057,1254 1066,1254 1066,1255 1222,1255 1222,1236 1223,1236 1223,1235 1224,1235 1224,1234"/>
	<Word id="w37">
	<Coords points="428,1236 428,1243 447,1243 447,1245 448,1245 448,1247 449,1247 449,1251 448,1251 448,1260 446,1260 446,1261 426,1261 426,1262 396,1262 396,1265 395,1265 395,1266 394,1266 394,1267 393,1267 393,1268 389,1268 389,1269 387,1269 387,1268 383,1268 383,1267 382,1267 382,1262 323,1262 323,1261 322,1261 322,1260 321,1260 321,1259 319,1259 319,1246 318,1246 318,1237 322,1237 322,1236"/>
	<TextEquiv conf="0.91545">
	<Unicode>Ausgabe</Unicode></TextEquiv></Word>
	<Word id="w39">
	<Coords points="487,1237 487,1238 488,1238 488,1239 489,1239 489,1241 490,1241 490,1253 491,1253 491,1256 490,1256 490,1259 489,1259 489,1260 487,1260 487,1261 484,1261 484,1262 472,1262 472,1237"/>
	<TextEquiv conf="0.92391">
	<Unicode>B</Unicode></TextEquiv></Word>
	<Word id="w41">
	<Coords points="546,1236 546,1243 559,1243 559,1244 560,1244 560,1245 561,1245 561,1247 562,1247 562,1259 561,1259 561,1260 559,1260 559,1261 546,1261 546,1262 519,1262 519,1270 516,1270 516,1269 515,1269 515,1268 514,1268 514,1266 513,1266 513,1264 512,1264 512,1262 511,1262 511,1244 512,1244 512,1242 513,1242 513,1240 514,1240 514,1239 515,1239 515,1237 516,1237 516,1236"/>
	<TextEquiv conf="0.96427">
	<Unicode>(die</Unicode></TextEquiv></Word>
	<Word id="w13">
	<Coords points="613,1237 613,1238 619,1238 619,1243 652,1243 652,1244 653,1244 653,1245 654,1245 654,1258 655,1258 655,1261 654,1261 654,1262 610,1262 610,1263 609,1263 609,1268 607,1268 607,1265 606,1265 606,1261 580,1261 580,1260 579,1260 579,1259 578,1259 578,1257 577,1257 577,1247 578,1247 578,1246 579,1246 579,1245 581,1245 581,1244 583,1244 583,1243 605,1243 605,1237"/>
	<TextEquiv conf="0.96246">
	<Unicode>erſten</Unicode></TextEquiv></Word>
	<Word id="w14">
	<Coords points="703,1238 703,1252 706,1252 706,1255 705,1255 705,1261 700,1261 700,1262 672,1262 672,1240 673,1240 673,1239 674,1239 674,1238"/>
	<TextEquiv conf="0.96613">
	<Unicode>24</Unicode></TextEquiv></Word>
	<Word id="w15">
	<Coords points="768,1236 768,1237 778,1237 778,1242 792,1242 792,1243 813,1243 813,1244 814,1244 814,1258 815,1258 815,1260 814,1260 814,1261 737,1261 737,1262 732,1262 732,1261 729,1261 729,1260 723,1260 723,1241 724,1241 724,1240 725,1240 725,1239 726,1239 726,1238 728,1238 728,1237 729,1237 729,1236"/>
	<TextEquiv conf="0.96327">
	<Unicode>Seiten</Unicode></TextEquiv></Word>
	<Word id="w16">
	<Coords points="879,1236 879,1238 880,1238 880,1239 881,1239 881,1240 883,1240 883,1241 885,1241 885,1242 886,1242 886,1243 887,1243 887,1244 888,1244 888,1245 889,1245 889,1256 888,1256 888,1257 887,1257 887,1258 886,1258 886,1259 885,1259 885,1260 883,1260 883,1261 841,1261 841,1268 838,1268 838,1262 837,1262 837,1236"/>
	<TextEquiv conf="0.96428">
	<Unicode>ſind</Unicode></TextEquiv></Word>
	<Word id="w17">
	<Coords points="982,1236 982,1237 983,1237 983,1238 984,1238 984,1239 985,1239 985,1241 986,1241 986,1244 987,1244 987,1248 988,1248 988,1255 987,1255 987,1261 986,1261 986,1263 985,1263 985,1265 984,1265 984,1266 983,1266 983,1268 981,1268 981,1269 979,1269 979,1261 951,1261 951,1260 915,1260 915,1259 913,1259 913,1258 912,1258 912,1236"/>
	<TextEquiv conf="0.96161">
	<Unicode>bunt)</Unicode></TextEquiv></Word>
	<Word id="w18">
	<Coords points="1049,1236 1049,1241 1053,1241 1053,1242 1054,1242 1054,1243 1055,1243 1055,1244 1056,1244 1056,1247 1057,1247 1057,1254 1065,1254 1065,1255 1066,1255 1066,1259 1065,1259 1065,1260 1024,1260 1024,1261 1023,1261 1023,1264 1022,1264 1022,1265 1021,1265 1021,1266 1019,1266 1019,1267 1012,1267 1012,1266 1011,1266 1011,1265 1010,1265 1010,1257 1009,1257 1009,1246 1010,1246 1010,1244 1011,1244 1011,1243 1013,1243 1013,1242 1014,1242 1014,1241 1042,1241 1042,1236"/>
	<TextEquiv conf="0.73222">
	<Unicode>geb.</Unicode></TextEquiv></Word>
	<Word id="w19">
	<Coords points="1093,1255 1093,1259 1088,1259 1088,1255"/>
	<TextEquiv conf="0.73222">
	<Unicode>.</Unicode></TextEquiv></Word>
	<Word id="w20">
	<Coords points="1137,1255 1137,1256 1138,1256 1138,1258 1137,1258 1137,1259 1133,1259 1133,1255"/>
	<TextEquiv conf="0.57772">
	<Unicode>.</Unicode></TextEquiv></Word>
	<Word id="w21">
	<Coords points="1182,1255 1182,1259 1178,1259 1178,1255"/>
	<TextEquiv conf="0.57772">
	<Unicode>.</Unicode></TextEquiv></Word>
	<Word id="w22">
	<Coords points="1269,1234 1269,1241 1274,1241 1274,1242 1275,1242 1275,1243 1276,1243 1276,1254 1286,1254 1286,1255 1287,1255 1287,1258 1286,1258 1286,1259 1255,1259 1255,1260 1227,1260 1227,1259 1225,1259 1225,1247 1224,1247 1224,1245 1223,1245 1223,1244 1222,1244 1222,1236 1223,1236 1223,1235 1224,1235 1224,1234"/>
	<TextEquiv conf="0.88953">
	<Unicode>Mk.</Unicode></TextEquiv></Word>
	<Word id="w43">
	<Coords points="1364,1235 1364,1236 1366,1236 1366,1237 1367,1237 1367,1239 1368,1239 1368,1241 1369,1241 1369,1254 1378,1254 1378,1255 1379,1255 1379,1260 1377,1260 1377,1261 1331,1261 1331,1263 1330,1263 1330,1264 1329,1264 1329,1265 1328,1265 1328,1266 1326,1266 1326,1264 1325,1264 1325,1260 1311,1260 1311,1259 1310,1259 1310,1258 1309,1258 1309,1257 1308,1257 1308,1256 1307,1256 1307,1239 1308,1239 1308,1237 1309,1237 1309,1236 1310,1236 1310,1235"/>
	<TextEquiv conf="0.96729">
	<Unicode>0,90.</Unicode></TextEquiv></Word>
	<TextEquiv conf="0.86415">
	<Unicode>Ausgabe B (die erſten 24 Seiten ſind bunt) geb. . . . Mk. 0,90.</Unicode></TextEquiv></TextLine>
	<TextLine id="l24">
	<Coords points="1104,1279 1104,1281 1105,1281 1105,1282 1106,1282 1106,1283 1108,1283 1108,1284 1109,1284 1109,1285 1114,1285 1114,1286 1187,1286 1187,1287 1188,1287 1188,1289 1187,1289 1187,1290 1185,1290 1185,1302 1184,1302 1184,1303 1150,1303 1150,1304 952,1304 952,1305 942,1305 942,1308 941,1308 941,1309 940,1309 940,1310 939,1310 939,1311 861,1311 861,1313 858,1313 858,1312 857,1312 857,1311 856,1311 856,1310 855,1310 855,1309 854,1309 854,1307 853,1307 853,1305 742,1305 742,1308 741,1308 741,1310 740,1310 740,1311 739,1311 739,1312 733,1312 733,1311 732,1311 732,1310 731,1310 731,1308 730,1308 730,1307 675,1307 675,1306 473,1306 473,1310 472,1310 472,1311 471,1311 471,1312 467,1312 467,1313 373,1313 373,1311 372,1311 372,1306 328,1306 328,1305 322,1305 322,1293 318,1293 318,1283 319,1283 319,1282 321,1282 321,1281 324,1281 324,1280 437,1280 437,1281 663,1281 663,1280 1049,1280 1049,1279"/>
	<Word id="w45">
	<Coords points="415,1280 415,1287 435,1287 435,1289 436,1289 436,1291 437,1291 437,1304 435,1304 435,1305 415,1305 415,1306 376,1306 376,1312 375,1312 375,1313 373,1313 373,1311 372,1311 372,1306 328,1306 328,1305 322,1305 322,1293 318,1293 318,1283 319,1283 319,1282 321,1282 321,1281 324,1281 324,1280"/>
	<TextEquiv conf="0.96330">
	<Unicode>Dieſelbe</Unicode></TextEquiv></Word>
	<Word id="w26">
	<Coords points="549,1281 549,1282 550,1282 550,1284 552,1284 552,1285 553,1285 553,1286 555,1286 555,1287 582,1287 582,1288 592,1288 592,1289 593,1289 593,1302 594,1302 594,1305 592,1305 592,1306 473,1306 473,1310 472,1310 472,1311 471,1311 471,1312 467,1312 467,1313 465,1313 465,1312 461,1312 461,1311 460,1311 460,1303 459,1303 459,1290 460,1290 460,1289 462,1289 462,1288 463,1288 463,1287 489,1287 489,1281"/>
	<TextEquiv conf="0.96330">
	<Unicode>gebunden</Unicode></TextEquiv></Word>
	<Word id="w47">
	<Coords points="620,1281 620,1287 629,1287 629,1288 638,1288 638,1289 639,1289 639,1290 640,1290 640,1303 641,1303 641,1305 640,1305 640,1306 617,1306 617,1305 616,1305 616,1294 615,1294 615,1281"/>
	<TextEquiv conf="0.95685">
	<Unicode>in</Unicode></TextEquiv></Word>
	<Word id="w28">
	<Coords points="776,1280 776,1286 808,1286 808,1287 827,1287 827,1288 829,1288 829,1301 830,1301 830,1304 829,1304 829,1305 742,1305 742,1308 741,1308 741,1310 740,1310 740,1311 739,1311 739,1312 733,1312 733,1311 732,1311 732,1310 731,1310 731,1308 730,1308 730,1307 675,1307 675,1305 668,1305 668,1304 667,1304 667,1303 666,1303 666,1302 665,1302 665,1301 664,1301 664,1299 663,1299 663,1287 664,1287 664,1284 665,1284 665,1283 666,1283 666,1281 678,1281 678,1280"/>
	<TextEquiv conf="0.88127">
	<Unicode>Ganzleinen</Unicode></TextEquiv></Word>
	<Word id="w49">
	<Coords points="972,1280 972,1286 991,1286 991,1287 992,1287 992,1289 993,1289 993,1290 994,1290 994,1302 993,1302 993,1303 991,1303 991,1304 952,1304 952,1305 942,1305 942,1308 941,1308 941,1309 940,1309 940,1310 939,1310 939,1311 861,1311 861,1313 858,1313 858,1312 857,1312 857,1311 856,1311 856,1310 855,1310 855,1309 854,1309 854,1307 853,1307 853,1305 852,1305 852,1287 853,1287 853,1285 854,1285 854,1282 855,1282 855,1281 856,1281 856,1280"/>
	<TextEquiv conf="0.88127">
	<Unicode>(Ausgabe</Unicode></TextEquiv></Word>
	<Word id="w30">
	<Coords points="1024,1280 1024,1283 1025,1283 1025,1286 1026,1286 1026,1289 1027,1289 1027,1291 1028,1291 1028,1294 1029,1294 1029,1298 1030,1298 1030,1300 1031,1300 1031,1301 1032,1301 1032,1304 1012,1304 1012,1299 1013,1299 1013,1297 1014,1297 1014,1292 1015,1292 1015,1290 1016,1290 1016,1287 1017,1287 1017,1285 1018,1285 1018,1280"/>
	<TextEquiv conf="0.96771">
	<Unicode>A</Unicode></TextEquiv></Word>
	<Word id="w51">
	<Coords points="1104,1279 1104,1281 1105,1281 1105,1282 1106,1282 1106,1283 1108,1283 1108,1284 1109,1284 1109,1285 1110,1285 1110,1286 1111,1286 1111,1287 1112,1287 1112,1288 1113,1288 1113,1290 1114,1290 1114,1298 1113,1298 1113,1300 1112,1300 1112,1301 1111,1301 1111,1302 1109,1302 1109,1303 1108,1303 1108,1304 1053,1304 1053,1303 1051,1303 1051,1302 1049,1302 1049,1286 1076,1286 1076,1279"/>
	<TextEquiv conf="0.96027">
	<Unicode>wird</Unicode></TextEquiv></Word>
	<Word id="w32">
	<Coords points="1187,1286 1187,1287 1188,1287 1188,1289 1187,1289 1187,1290 1185,1290 1185,1302 1184,1302 1184,1303 1150,1303 1150,1304 1139,1304 1139,1303 1138,1303 1138,1302 1137,1302 1137,1286"/>
	<TextEquiv conf="0.96120">
	<Unicode>nur</Unicode></TextEquiv></Word>
	<TextEquiv conf="0.94190">
	<Unicode>Dieſelbe gebunden in Ganzleinen (Ausgabe A wird nur</Unicode></TextEquiv></TextLine>
	<TextLine id="l33">
	<Coords points="1288,1322 1288,1323 1367,1323 1367,1324 1368,1324 1368,1325 1369,1325 1369,1326 1370,1326 1370,1330 1371,1330 1371,1342 1380,1342 1380,1343 1381,1343 1381,1348 1380,1348 1380,1349 1333,1349 1333,1351 1332,1351 1332,1353 1331,1353 1331,1354 1327,1354 1327,1349 1314,1349 1314,1348 1228,1348 1228,1347 1093,1347 1093,1348 873,1348 873,1349 728,1349 728,1351 727,1351 727,1353 726,1353 726,1355 725,1355 725,1356 724,1356 724,1357 723,1357 723,1358 720,1358 720,1356 605,1356 605,1355 603,1355 603,1350 578,1350 578,1349 474,1349 474,1350 390,1350 390,1351 389,1351 389,1352 388,1352 388,1353 387,1353 387,1354 386,1354 386,1355 384,1355 384,1356 376,1356 376,1350 322,1350 322,1349 321,1349 321,1348 320,1348 320,1338 319,1338 319,1325 368,1325 368,1324 474,1324 474,1331 667,1331 667,1325 724,1325 724,1326 725,1326 725,1328 726,1328 726,1329 727,1329 727,1332 728,1332 728,1334 729,1334 729,1339 730,1339 730,1344 915,1344 915,1343 1224,1343 1224,1323 1225,1323 1225,1322"/>
	<Word id="w34">
	<Coords points="324,1325 324,1332 343,1332 343,1333 344,1333 344,1346 346,1346 346,1349 344,1349 344,1350 322,1350 322,1349 321,1349 321,1348 320,1348 320,1338 319,1338 319,1325"/>
	<TextEquiv conf="0.95141">
	<Unicode>in</Unicode></TextEquiv></Word>
	<Word id="w53">
	<Coords points="474,1324 474,1331 524,1331 524,1332 525,1332 525,1333 526,1333 526,1346 528,1346 528,1348 527,1348 527,1349 474,1349 474,1350 390,1350 390,1351 389,1351 389,1352 388,1352 388,1353 387,1353 387,1354 386,1354 386,1355 384,1355 384,1356 376,1356 376,1350 369,1350 369,1349 368,1349 368,1345 370,1345 370,1329 371,1329 371,1328 373,1328 373,1327 375,1327 375,1325 376,1325 376,1324"/>
	<TextEquiv conf="0.93280">
	<Unicode>Halbleinen</Unicode></TextEquiv></Word>
	<Word id="w38">
	<Coords points="1271,1322 1271,1329 1276,1329 1276,1330 1277,1330 1277,1332 1278,1332 1278,1342 1288,1342 1288,1347 1287,1347 1287,1348 1228,1348 1228,1347 1227,1347 1227,1346 1226,1346 1226,1337 1225,1337 1225,1333 1224,1333 1224,1323 1225,1323 1225,1322"/>
	<TextEquiv conf="0.66158">
	<Unicode>Mk.</Unicode></TextEquiv></Word>
	<Word id="w57">
	<Coords points="1367,1323 1367,1324 1368,1324 1368,1325 1369,1325 1369,1326 1370,1326 1370,1330 1371,1330 1371,1342 1380,1342 1380,1343 1381,1343 1381,1348 1380,1348 1380,1349 1333,1349 1333,1351 1332,1351 1332,1353 1331,1353 1331,1354 1327,1354 1327,1349 1314,1349 1314,1348 1312,1348 1312,1326 1314,1326 1314,1325 1315,1325 1315,1324 1316,1324 1316,1323"/>
	<TextEquiv conf="0.95819">
	<Unicode>1,10.</Unicode></TextEquiv></Word>
	<Word id="w605">
	<Coords points="1004,1344 1004,1345 1005,1345 1005,1347 1002,1347 1002,1344"/>
	<TextEquiv conf="0.00000">
	<Unicode>.</Unicode></TextEquiv></Word>
	<Word id="w607">
	<Coords points="1049,1344 1049,1346 1048,1346 1048,1347 1046,1347 1046,1344"/>
	<TextEquiv conf="0.00000">
	<Unicode>.</Unicode></TextEquiv></Word>
	<Word id="w609">
	<Coords points="1092,1344 1092,1345 1093,1345 1093,1346 1092,1346 1092,1347 1090,1347 1090,1344"/>
	<TextEquiv conf="0.00000">
	<Unicode>.</Unicode></TextEquiv></Word>
	<Word id="w611">
	<Coords points="827,1345 827,1347 828,1347 827,1347 827,1348 825,1348 825,1347 824,1347 824,1346 825,1346 825,1345"/>
	<TextEquiv conf="0.00000">
	<Unicode>.</Unicode></TextEquiv></Word>
	<Word id="w613">
	<Coords points="873,1345 873,1347 872,1347 872,1348 871,1348 871,1347 870,1347 870,1345"/>
	<TextEquiv conf="0.00000">
	<Unicode>.</Unicode></TextEquiv></Word>
	<Word id="w614">
	<Coords points="916,1345 917,1345 917,1347 915,1347 915,1346 914,1346 915,1346 915,1345 916,1345 916,1344"/>
	<TextEquiv conf="0.00000">
	<Unicode>.</Unicode></TextEquiv></Word>
	<Word id="w615">
	<Coords points="961,1344 961,1347 959,1347 959,1345 960,1345 960,1344"/>
	<TextEquiv conf="0.00000">
	<Unicode>.</Unicode></TextEquiv></Word>
	<Word id="w616">
	<Coords points="722,1325 722,1326 723,1326 723,1327 724,1327 724,1329 725,1329 725,1330 726,1330 726,1333 727,1333 727,1335 728,1335 728,1340 729,1340 729,1343 728,1343 728,1348 727,1348 727,1350 726,1350 726,1352 725,1352 725,1354 724,1354 724,1355 723,1355 723,1356 722,1356 722,1357 721,1357 721,1355 606,1355 606,1354 604,1354 604,1349 579,1349 579,1348 551,1348 551,1346 550,1346 550,1344 549,1344 549,1338 550,1338 550,1335 552,1335 552,1334 553,1334 553,1333 554,1333 554,1332 668,1332 668,1326 672,1326 672,1325"/>
	<TextEquiv conf="0.46069">
	<Unicode>ausgegeben)</Unicode></TextEquiv></Word>
	<Word id="w617">
	<Coords points="782,1345 782,1346 783,1346 783,1347 782,1347 782,1348 780,1348 780,1346 779,1346 780,1346 780,1345"/>
	<TextEquiv conf="0.46069">
	<Unicode>.</Unicode></TextEquiv></Word>
	<Word id="w618">
	<Coords points="1136,1344 1137,1344 1137,1346 1134,1346 1134,1344 1136,1344 1136,1343"/>
	<TextEquiv conf="0.00000">
	<Unicode>.</Unicode></TextEquiv></Word>
	<Word id="w619">
	<Coords points="1182,1343 1182,1346 1180,1346 1180,1344 1181,1344 1181,1343"/>
	<TextEquiv conf="0.00000">
	<Unicode>.</Unicode></TextEquiv></Word>
	<TextEquiv conf="0.65116">
	<Unicode>in Halbleinen ausgegeben) . . . . . . . . . . Mk. 1,10.</Unicode></TextEquiv></TextLine>
	<TextEquiv>
	<Unicode>Preiſe: Ausgabe A (Schwarzdruck) geb. . . . . . . . . Mk. 0,75.
Ausgabe B (die erſten 24 Seiten ſind bunt) geb. . . . Mk. 0,90.
Dieſelbe gebunden in Ganzleinen (Ausgabe A wird nur
in Halbleinen ausgegeben) . . . . . . . . . . Mk. 1,10.</Unicode></TextEquiv></TextRegion>
	<SeparatorRegion id="r11">
	<Coords points="1332,1393 1332,1394 1484,1394 1484,1395 1504,1395 1504,1396 1505,1396 1505,1399 1504,1399 1504,1400 1432,1400 1432,1401 1390,1401 1390,1409 1388,1409 1388,1400 1295,1400 1295,1399 1133,1399 1133,1400 893,1400 893,1401 124,1401 124,1400 64,1400 64,1396 77,1396 77,1395 960,1395 960,1394 1194,1394 1194,1393"/></SeparatorRegion>
	<TextRegion id="r12" type="heading">
	<Coords points="573,1439 573,1440 578,1440 578,1441 582,1441 582,1442 605,1442 605,1457 619,1457 619,1458 733,1458 733,1457 810,1457 810,1448 811,1448 811,1446 812,1446 812,1444 814,1444 814,1443 815,1443 815,1442 816,1442 816,1441 882,1441 882,1440 947,1440 947,1439 965,1439 965,1442 986,1442 986,1460 996,1460 996,1461 997,1461 997,1490 1011,1490 1011,1491 1015,1491 1015,1492 1016,1492 1016,1493 1017,1493 1017,1494 1018,1494 1018,1496 1019,1496 1019,1503 1018,1503 1018,1505 1017,1505 1017,1506 1016,1506 1016,1507 1015,1507 1015,1508 1013,1508 1013,1509 983,1509 983,1510 959,1510 959,1512 958,1512 958,1519 957,1519 957,1523 956,1523 956,1524 955,1524 955,1525 953,1525 953,1524 950,1524 950,1520 949,1520 949,1514 948,1514 948,1510 797,1510 797,1511 704,1511 704,1515 703,1515 703,1517 702,1517 702,1518 701,1518 701,1520 699,1520 699,1521 698,1521 698,1522 697,1522 697,1523 695,1523 695,1524 692,1524 692,1525 688,1525 688,1526 578,1526 578,1527 564,1527 564,1526 560,1526 560,1525 558,1525 558,1524 555,1524 555,1523 554,1523 554,1522 553,1522 553,1521 552,1521 552,1520 551,1520 551,1519 550,1519 550,1518 549,1518 549,1517 548,1517 548,1514 547,1514 547,1512 546,1512 546,1510 545,1510 545,1508 546,1508 546,1455 547,1455 547,1452 548,1452 548,1449 549,1449 549,1448 550,1448 550,1446 551,1446 551,1445 553,1445 553,1444 554,1444 554,1443 555,1443 555,1442 557,1442 557,1441 560,1441 560,1440 563,1440 563,1439"/>
	<TextLine id="l59">
	<Coords points="578,1440 578,1441 582,1441 582,1442 605,1442 605,1457 619,1457 619,1458 733,1458 733,1457 810,1457 810,1448 811,1448 811,1446 812,1446 812,1444 814,1444 814,1443 815,1443 815,1442 816,1442 816,1441 882,1441 882,1440 965,1440 965,1442 986,1442 986,1460 996,1460 996,1461 997,1461 997,1490 1011,1490 1011,1491 1015,1491 1015,1492 1016,1492 1016,1493 1017,1493 1017,1494 1018,1494 1018,1496 1019,1496 1019,1503 1018,1503 1018,1505 1017,1505 1017,1506 1016,1506 1016,1507 1015,1507 1015,1508 1013,1508 1013,1509 983,1509 983,1510 959,1510 959,1512 958,1512 958,1519 957,1519 957,1523 956,1523 956,1524 955,1524 955,1525 953,1525 953,1524 950,1524 950,1520 949,1520 949,1514 948,1514 948,1510 797,1510 797,1511 704,1511 704,1515 703,1515 703,1517 702,1517 702,1518 701,1518 701,1520 699,1520 699,1521 698,1521 698,1522 697,1522 697,1523 695,1523 695,1524 692,1524 692,1525 688,1525 688,1526 578,1526 578,1527 564,1527 564,1526 560,1526 560,1525 558,1525 558,1524 555,1524 555,1523 554,1523 554,1522 553,1522 553,1521 552,1521 552,1520 551,1520 551,1519 550,1519 550,1518 549,1518 549,1517 548,1517 548,1514 547,1514 547,1512 546,1512 546,1455 547,1455 547,1452 548,1452 548,1449 549,1449 549,1448 550,1448 550,1446 551,1446 551,1445 553,1445 553,1444 554,1444 554,1443 555,1443 555,1442 557,1442 557,1441 560,1441 560,1440"/>
	<Word id="w61">
	<Coords points="578,1440 578,1441 582,1441 582,1442 605,1442 605,1457 619,1457 619,1458 733,1458 733,1457 810,1457 810,1448 811,1448 811,1446 812,1446 812,1444 814,1444 814,1443 815,1443 815,1442 816,1442 816,1441 882,1441 882,1440 965,1440 965,1442 986,1442 986,1460 996,1460 996,1461 997,1461 997,1490 1011,1490 1011,1491 1015,1491 1015,1492 1016,1492 1016,1493 1017,1493 1017,1494 1018,1494 1018,1496 1019,1496 1019,1503 1018,1503 1018,1505 1017,1505 1017,1506 1016,1506 1016,1507 1015,1507 1015,1508 1013,1508 1013,1509 983,1509 983,1510 959,1510 959,1512 958,1512 958,1519 957,1519 957,1523 956,1523 956,1524 955,1524 955,1525 953,1525 953,1524 950,1524 950,1520 949,1520 949,1514 948,1514 948,1510 797,1510 797,1511 704,1511 704,1515 703,1515 703,1517 702,1517 702,1518 701,1518 701,1520 699,1520 699,1521 698,1521 698,1522 697,1522 697,1523 695,1523 695,1524 692,1524 692,1525 688,1525 688,1526 578,1526 578,1527 564,1527 564,1526 560,1526 560,1525 558,1525 558,1524 555,1524 555,1523 554,1523 554,1522 553,1522 553,1521 552,1521 552,1520 551,1520 551,1519 550,1519 550,1518 549,1518 549,1517 548,1517 548,1514 547,1514 547,1512 546,1512 546,1455 547,1455 547,1452 548,1452 548,1449 549,1449 549,1448 550,1448 550,1446 551,1446 551,1445 553,1445 553,1444 554,1444 554,1443 555,1443 555,1442 557,1442 557,1441 560,1441 560,1440"/>
	<TextEquiv conf="0.35045">
	<Unicode>Jugendluſt.</Unicode></TextEquiv></Word>
	<TextEquiv conf="0.35045">
	<Unicode>Jugendluſt.</Unicode></TextEquiv></TextLine>
	<TextEquiv>
	<Unicode>Jugendluſt.</Unicode></TextEquiv></TextRegion>
	<TextRegion id="r13" type="heading">
	<Coords points="447,1542 447,1543 448,1543 448,1555 553,1555 553,1548 554,1548 554,1546 555,1546 555,1545 566,1545 566,1546 673,1546 673,1545 790,1545 790,1544 1250,1544 1250,1543 1260,1543 1260,1544 1262,1544 1262,1545 1335,1545 1335,1549 1336,1549 1336,1550 1338,1550 1338,1551 1341,1551 1341,1552 1342,1552 1342,1553 1344,1553 1344,1554 1345,1554 1345,1555 1346,1555 1346,1556 1347,1556 1347,1557 1348,1557 1348,1558 1349,1558 1349,1561 1350,1561 1350,1565 1351,1565 1351,1573 1361,1573 1361,1574 1363,1574 1363,1575 1364,1575 1364,1582 1363,1582 1363,1583 1341,1583 1341,1584 1306,1584 1306,1583 1063,1583 1063,1584 987,1584 987,1583 871,1583 871,1585 870,1585 870,1587 869,1587 869,1588 868,1588 868,1589 867,1589 867,1590 866,1590 866,1591 865,1591 865,1592 864,1592 864,1593 859,1593 859,1584 728,1584 728,1585 727,1585 727,1587 726,1587 726,1588 725,1588 725,1590 723,1590 723,1591 722,1591 722,1592 721,1592 721,1593 716,1593 716,1584 576,1584 576,1585 562,1585 562,1589 561,1589 561,1593 560,1593 560,1594 558,1594 558,1593 557,1593 557,1589 556,1589 556,1585 466,1585 466,1584 281,1584 281,1585 279,1585 279,1584 222,1584 222,1583 221,1583 221,1582 212,1582 212,1565 211,1565 211,1564 209,1564 209,1563 208,1563 208,1561 207,1561 207,1553 208,1553 208,1552 209,1552 209,1550 210,1550 210,1549 211,1549 211,1548 213,1548 213,1547 214,1547 214,1546 217,1546 217,1545 230,1545 230,1546 233,1546 233,1547 335,1547 335,1546 338,1546 338,1545 440,1545 440,1543 441,1543 441,1542"/>
	<TextLine id="l63">
	<Coords points="448,1543 448,1555 553,1555 553,1548 554,1548 554,1546 673,1546 673,1545 1239,1545 1239,1544 1262,1544 1262,1545 1335,1545 1335,1549 1336,1549 1336,1550 1338,1550 1338,1551 1341,1551 1341,1552 1342,1552 1342,1553 1344,1553 1344,1554 1345,1554 1345,1555 1346,1555 1346,1556 1347,1556 1347,1557 1348,1557 1348,1558 1349,1558 1349,1561 1350,1561 1350,1565 1351,1565 1351,1573 1361,1573 1361,1574 1363,1574 1363,1575 1364,1575 1364,1582 1363,1582 1363,1583 1341,1583 1341,1584 1306,1584 1306,1583 1063,1583 1063,1584 987,1584 987,1583 871,1583 871,1585 870,1585 870,1587 869,1587 869,1588 868,1588 868,1589 867,1589 867,1590 866,1590 866,1591 865,1591 865,1592 864,1592 864,1593 859,1593 859,1584 728,1584 728,1585 727,1585 727,1587 726,1587 726,1588 725,1588 725,1590 723,1590 723,1591 722,1591 722,1592 721,1592 721,1593 716,1593 716,1584 576,1584 576,1585 562,1585 562,1589 561,1589 561,1593 560,1593 560,1594 558,1594 558,1593 557,1593 557,1589 556,1589 556,1585 466,1585 466,1584 281,1584 281,1585 279,1585 279,1584 222,1584 222,1583 221,1583 221,1582 212,1582 212,1565 211,1565 211,1564 209,1564 209,1563 208,1563 208,1552 209,1552 209,1550 210,1550 210,1549 211,1549 211,1548 213,1548 213,1547 214,1547 214,1546 233,1546 233,1547 335,1547 335,1546 338,1546 338,1545 440,1545 440,1543"/>
	<Word id="w65">
	<Coords points="233,1546 233,1547 235,1547 235,1548 237,1548 237,1549 238,1549 238,1550 239,1550 239,1552 240,1552 240,1553 241,1553 241,1555 285,1555 285,1556 293,1556 293,1557 294,1557 294,1559 293,1559 293,1577 292,1577 292,1579 291,1579 291,1580 290,1580 290,1581 289,1581 289,1582 287,1582 287,1583 284,1583 284,1584 281,1584 281,1585 279,1585 279,1584 222,1584 222,1583 221,1583 221,1582 212,1582 212,1565 211,1565 211,1564 209,1564 209,1563 208,1563 208,1552 209,1552 209,1550 210,1550 210,1549 211,1549 211,1548 213,1548 213,1547 214,1547 214,1546"/>
	<TextEquiv conf="0.96536">
	<Unicode>Des</Unicode></TextEquiv></Word>
	<Word id="w67">
	<Coords points="448,1543 448,1555 470,1555 470,1556 472,1556 472,1557 479,1557 479,1577 478,1577 478,1579 477,1579 477,1580 476,1580 476,1581 475,1581 475,1582 474,1582 474,1583 472,1583 472,1584 469,1584 469,1585 466,1585 466,1584 326,1584 326,1583 325,1583 325,1577 327,1577 327,1576 328,1576 328,1555 329,1555 329,1553 330,1553 330,1551 331,1551 331,1550 332,1550 332,1549 333,1549 333,1548 334,1548 334,1547 335,1547 335,1546 338,1546 338,1545 440,1545 440,1543"/>
	<TextEquiv conf="0.96847">
	<Unicode>Kindes</Unicode></TextEquiv></Word>
	<Word id="w69">
	<Coords points="575,1546 575,1555 620,1555 620,1556 628,1556 628,1570 629,1570 629,1577 628,1577 628,1579 627,1579 627,1580 626,1580 626,1581 625,1581 625,1582 623,1582 623,1583 621,1583 621,1584 576,1584 576,1585 562,1585 562,1589 561,1589 561,1593 560,1593 560,1594 558,1594 558,1593 557,1593 557,1589 556,1589 556,1585 540,1585 540,1584 515,1584 515,1583 514,1583 514,1582 512,1582 512,1581 511,1581 511,1580 510,1580 510,1578 509,1578 509,1562 510,1562 510,1560 511,1560 511,1559 512,1559 512,1558 515,1558 515,1557 516,1557 516,1556 518,1556 518,1555 553,1555 553,1548 554,1548 554,1546"/>
	<TextEquiv conf="0.95858">
	<Unicode>erſtes</Unicode></TextEquiv></Word>
	<Word id="w71">
	<Coords points="863,1545 863,1554 868,1554 868,1555 869,1555 869,1556 870,1556 870,1558 871,1558 871,1559 872,1559 872,1563 873,1563 873,1580 872,1580 872,1583 871,1583 871,1585 870,1585 870,1587 869,1587 869,1588 868,1588 868,1589 867,1589 867,1590 866,1590 866,1591 865,1591 865,1592 864,1592 864,1593 859,1593 859,1584 728,1584 728,1585 727,1585 727,1587 726,1587 726,1588 725,1588 725,1590 723,1590 723,1591 722,1591 722,1592 721,1592 721,1593 716,1593 716,1584 672,1584 672,1583 670,1583 670,1582 667,1582 667,1581 659,1581 659,1577 660,1577 660,1554 661,1554 661,1552 662,1552 662,1551 663,1551 663,1550 664,1550 664,1549 666,1549 666,1548 668,1548 668,1547 671,1547 671,1546 673,1546 673,1545"/>
	<TextEquiv conf="0.26147">
	<Unicode>Schulbuch</Unicode></TextEquiv></Word>
	<Word id="w73">
	<Coords points="913,1545 913,1546 914,1546 914,1554 939,1554 939,1555 940,1555 940,1556 942,1556 942,1557 943,1557 943,1558 944,1558 944,1577 946,1577 946,1580 944,1580 944,1581 943,1581 943,1582 942,1582 942,1583 908,1583 908,1582 907,1582 907,1580 906,1580 906,1578 905,1578 905,1561 904,1561 904,1560 903,1560 903,1557 904,1557 904,1546 905,1546 905,1545"/>
	<TextEquiv conf="0.96551">
	<Unicode>in</Unicode></TextEquiv></Word>
	<Word id="w75">
	<Coords points="1089,1545 1089,1555 1090,1555 1090,1556 1094,1556 1094,1557 1095,1557 1095,1559 1094,1559 1094,1579 1093,1579 1093,1580 1092,1580 1092,1581 1091,1581 1091,1582 1090,1582 1090,1583 1063,1583 1063,1584 987,1584 987,1583 985,1583 985,1582 983,1582 983,1581 980,1581 980,1580 974,1580 974,1556 975,1556 975,1553 976,1553 976,1551 977,1551 977,1550 978,1550 978,1549 979,1549 979,1548 981,1548 981,1547 983,1547 983,1546 985,1546 985,1545"/>
	<TextEquiv conf="0.96259">
	<Unicode>Stadt</Unicode></TextEquiv></Word>
	<Word id="w77">
	<Coords points="1190,1545 1190,1549 1192,1549 1192,1550 1195,1550 1195,1551 1197,1551 1197,1552 1198,1552 1198,1553 1200,1553 1200,1554 1201,1554 1201,1555 1202,1555 1202,1556 1203,1556 1203,1557 1204,1557 1204,1560 1205,1560 1205,1565 1206,1565 1206,1571 1205,1571 1205,1576 1204,1576 1204,1578 1202,1578 1202,1579 1201,1579 1201,1580 1199,1580 1199,1581 1197,1581 1197,1582 1196,1582 1196,1583 1129,1583 1129,1582 1128,1582 1128,1581 1126,1581 1126,1580 1124,1580 1124,1555 1126,1555 1126,1554 1143,1554 1143,1553 1183,1553 1183,1547 1184,1547 1184,1546 1185,1546 1185,1545"/>
	<TextEquiv conf="0.96708">
	<Unicode>und</Unicode></TextEquiv></Word>
	<Word id="w79">
	<Coords points="1262,1544 1262,1545 1335,1545 1335,1549 1336,1549 1336,1550 1338,1550 1338,1551 1341,1551 1341,1552 1342,1552 1342,1553 1344,1553 1344,1554 1345,1554 1345,1555 1346,1555 1346,1556 1347,1556 1347,1557 1348,1557 1348,1558 1349,1558 1349,1561 1350,1561 1350,1565 1351,1565 1351,1573 1361,1573 1361,1574 1363,1574 1363,1575 1364,1575 1364,1582 1363,1582 1363,1583 1341,1583 1341,1584 1306,1584 1306,1583 1252,1583 1252,1582 1249,1582 1249,1581 1248,1581 1248,1580 1239,1580 1239,1576 1240,1576 1240,1552 1241,1552 1241,1550 1242,1550 1242,1548 1243,1548 1243,1547 1244,1547 1244,1546 1245,1546 1245,1545 1246,1545 1246,1544"/>
	<TextEquiv conf="0.96460">
	<Unicode>Land.</Unicode></TextEquiv></Word>
	<TextEquiv conf="0.87671">
	<Unicode>Des Kindes erſtes Schulbuch in Stadt und Land.</Unicode></TextEquiv></TextLine>
	<TextEquiv>
	<Unicode>Des Kindes erſtes Schulbuch in Stadt und Land.</Unicode></TextEquiv></TextRegion>
	<TextRegion id="r14" type="paragraph">
	<Coords points="1174,1613 1174,1614 1202,1614 1202,1615 1222,1615 1222,1623 1238,1623 1238,1624 1390,1624 1390,1623 1391,1623 1391,1619 1392,1619 1392,1618 1465,1618 1465,1617 1467,1617 1467,1625 1483,1625 1483,1626 1503,1626 1503,1627 1504,1627 1504,1632 1501,1632 1501,1647 1500,1647 1500,1648 1455,1648 1455,1649 1405,1649 1405,1648 1294,1648 1294,1698 1293,1698 1293,1700 1103,1700 1103,1703 1102,1703 1102,1709 1075,1709 1075,1710 992,1710 992,1709 991,1709 991,1701 861,1701 861,1703 860,1703 860,1706 859,1706 859,1707 858,1707 858,1708 857,1708 857,1709 856,1709 856,1710 854,1710 854,1701 707,1701 707,1702 626,1702 626,1701 305,1701 305,1702 304,1702 304,1703 303,1703 303,1704 302,1704 302,1705 300,1705 300,1706 299,1706 299,1707 297,1707 297,1708 287,1708 287,1701 279,1701 279,1700 278,1700 278,1699 277,1699 277,1657 209,1657 209,1656 206,1656 206,1655 205,1655 205,1648 75,1648 75,1647 73,1647 73,1646 71,1646 71,1645 70,1645 70,1644 69,1644 69,1643 68,1643 68,1641 67,1641 67,1638 66,1638 66,1624 67,1624 67,1622 68,1622 68,1620 69,1620 69,1619 70,1619 70,1618 71,1618 71,1617 73,1617 73,1616 98,1616 98,1615 100,1615 100,1616 164,1616 164,1617 272,1617 272,1615 276,1615 276,1616 277,1616 277,1617 278,1617 278,1625 498,1625 498,1616 499,1616 499,1615 503,1615 503,1616 625,1616 625,1615 628,1615 628,1625 773,1625 773,1624 796,1624 796,1617 797,1617 797,1616 823,1616 823,1615 1013,1615 1013,1614 1172,1614 1172,1613"/>
	<TextLine id="l81">
	<Coords points="1202,1614 1202,1615 1222,1615 1222,1623 1238,1623 1238,1624 1266,1624 1266,1625 1389,1625 1389,1624 1390,1624 1390,1623 1391,1623 1391,1619 1392,1619 1392,1618 1467,1618 1467,1625 1483,1625 1483,1626 1503,1626 1503,1627 1504,1627 1504,1632 1501,1632 1501,1647 1500,1647 1500,1648 1455,1648 1455,1649 1405,1649 1405,1648 1323,1648 1323,1647 1209,1647 1209,1648 1208,1648 1208,1650 1207,1650 1207,1652 1206,1652 1206,1654 1205,1654 1205,1655 1204,1655 1204,1656 1158,1656 1158,1657 1156,1657 1156,1656 1087,1656 1087,1655 1086,1655 1086,1654 1085,1654 1085,1648 948,1648 948,1651 947,1651 947,1652 946,1652 946,1653 945,1653 945,1654 943,1654 943,1655 941,1655 941,1656 934,1656 934,1655 932,1655 932,1654 830,1654 830,1655 829,1655 829,1656 828,1656 828,1657 726,1657 726,1656 724,1656 724,1655 723,1655 723,1648 574,1648 574,1649 450,1649 450,1657 449,1657 449,1658 433,1658 433,1657 429,1657 429,1656 428,1656 428,1655 427,1655 427,1654 426,1654 426,1651 425,1651 425,1648 222,1648 222,1651 221,1651 221,1653 220,1653 220,1654 219,1654 219,1655 218,1655 218,1656 215,1656 215,1657 209,1657 209,1656 206,1656 206,1655 205,1655 205,1648 75,1648 75,1647 73,1647 73,1646 71,1646 71,1645 70,1645 70,1644 69,1644 69,1643 68,1643 68,1641 67,1641 67,1622 68,1622 68,1620 69,1620 69,1619 70,1619 70,1618 71,1618 71,1617 73,1617 73,1616 164,1616 164,1617 272,1617 272,1616 277,1616 277,1617 278,1617 278,1625 498,1625 498,1616 628,1616 628,1625 773,1625 773,1624 796,1624 796,1617 797,1617 797,1616 925,1616 925,1615 1013,1615 1013,1614"/>
	<Word id="w83">
	<Coords points="101,1616 101,1617 102,1617 102,1626 121,1626 121,1627 123,1627 123,1645 124,1645 124,1647 122,1647 122,1648 75,1648 75,1647 73,1647 73,1646 71,1646 71,1645 70,1645 70,1644 69,1644 69,1643 68,1643 68,1641 67,1641 67,1622 68,1622 68,1620 69,1620 69,1619 70,1619 70,1618 71,1618 71,1617 73,1617 73,1616"/>
	<TextEquiv conf="0.93024">
	<Unicode>Ein</Unicode></TextEquiv></Word>
	<Word id="w85">
	<Coords points="164,1616 164,1617 272,1617 272,1616 277,1616 277,1617 278,1617 278,1625 369,1625 369,1626 375,1626 375,1635 376,1635 376,1636 377,1636 377,1637 378,1637 378,1642 377,1642 377,1644 376,1644 376,1645 375,1645 375,1646 373,1646 373,1647 372,1647 372,1648 222,1648 222,1651 221,1651 221,1653 220,1653 220,1654 219,1654 219,1655 218,1655 218,1656 215,1656 215,1657 209,1657 209,1656 206,1656 206,1655 205,1655 205,1648 163,1648 163,1647 160,1647 160,1646 154,1646 154,1625 155,1625 155,1623 156,1623 156,1622 157,1622 157,1620 158,1620 158,1619 159,1619 159,1618 160,1618 160,1617 161,1617 161,1616"/>
	<TextEquiv conf="0.91083">
	<Unicode>Organismus</Unicode></TextEquiv></Word>
	<Word id="w87">
	<Coords points="628,1616 628,1643 629,1643 629,1646 628,1646 628,1647 626,1647 626,1648 574,1648 574,1649 450,1649 450,1657 449,1657 449,1658 433,1658 433,1657 429,1657 429,1656 428,1656 428,1655 427,1655 427,1654 426,1654 426,1651 425,1651 425,1648 413,1648 413,1647 411,1647 411,1646 410,1646 410,1644 409,1644 409,1642 408,1642 408,1630 409,1630 409,1629 410,1629 410,1628 411,1628 411,1627 413,1627 413,1626 415,1626 415,1625 498,1625 498,1616"/>
	<TextEquiv conf="0.84102">
	<Unicode>experimentell</Unicode></TextEquiv></Word>
	<Word id="w89">
	<Coords points="857,1616 857,1617 858,1617 858,1624 875,1624 875,1625 894,1625 894,1626 895,1626 895,1631 892,1631 892,1646 891,1646 891,1647 872,1647 872,1648 833,1648 833,1650 832,1650 832,1652 831,1652 831,1654 830,1654 830,1655 829,1655 829,1656 828,1656 828,1657 726,1657 726,1656 724,1656 724,1655 723,1655 723,1648 661,1648 661,1647 660,1647 660,1646 659,1646 659,1645 658,1645 658,1631 659,1631 659,1630 660,1630 660,1629 661,1629 661,1628 662,1628 662,1627 663,1627 663,1626 665,1626 665,1625 773,1625 773,1624 796,1624 796,1617 797,1617 797,1616"/>
	<TextEquiv conf="0.89328">
	<Unicode>ausgewählter</Unicode></TextEquiv></Word>
	<Word id="w91">
	<Coords points="1202,1614 1202,1615 1222,1615 1222,1623 1238,1623 1238,1624 1261,1624 1261,1625 1263,1625 1263,1626 1264,1626 1264,1642 1265,1642 1265,1643 1266,1643 1266,1645 1265,1645 1265,1646 1263,1646 1263,1647 1209,1647 1209,1648 1208,1648 1208,1650 1207,1650 1207,1652 1206,1652 1206,1654 1205,1654 1205,1655 1204,1655 1204,1656 1158,1656 1158,1657 1156,1657 1156,1656 1087,1656 1087,1655 1086,1655 1086,1654 1085,1654 1085,1648 948,1648 948,1651 947,1651 947,1652 946,1652 946,1653 945,1653 945,1654 943,1654 943,1655 941,1655 941,1656 934,1656 934,1655 932,1655 932,1654 930,1654 930,1653 929,1653 929,1652 928,1652 928,1651 927,1651 927,1649 926,1649 926,1626 925,1626 925,1619 926,1619 926,1617 927,1617 927,1616 930,1616 930,1615 1013,1615 1013,1614"/>
	<TextEquiv conf="0.69116">
	<Unicode>Familiengeſchichten</Unicode></TextEquiv></Word>
	<Word id="w93">
	<Coords points="1355,1625 1355,1626 1356,1626 1356,1636 1357,1636 1357,1643 1356,1643 1356,1644 1355,1644 1355,1645 1354,1645 1354,1646 1353,1646 1353,1647 1351,1647 1351,1648 1323,1648 1323,1647 1300,1647 1300,1646 1298,1646 1298,1644 1297,1644 1297,1630 1298,1630 1298,1628 1299,1628 1299,1627 1300,1627 1300,1626 1302,1626 1302,1625"/>
	<TextEquiv conf="0.96212">
	<Unicode>aus</Unicode></TextEquiv></Word>
	<Word id="w95">
	<Coords points="1467,1618 1467,1625 1483,1625 1483,1626 1503,1626 1503,1627 1504,1627 1504,1632 1501,1632 1501,1647 1500,1647 1500,1648 1455,1648 1455,1649 1405,1649 1405,1648 1392,1648 1392,1647 1390,1647 1390,1646 1389,1646 1389,1625 1390,1625 1390,1623 1391,1623 1391,1619 1392,1619 1392,1618"/>
	<TextEquiv conf="0.96855">
	<Unicode>trauter</Unicode></TextEquiv></Word>
	<TextEquiv conf="0.88531">
	<Unicode>Ein Organismus experimentell ausgewählter Familiengeſchichten aus trauter</Unicode></TextEquiv></TextLine>
	<TextLine id="l97">
	<Coords points="765,1668 765,1669 981,1669 981,1668 1246,1668 1246,1669 1279,1669 1279,1677 1281,1677 1281,1678 1284,1678 1284,1693 1292,1693 1292,1694 1293,1694 1293,1696 1294,1696 1294,1698 1293,1698 1293,1700 1103,1700 1103,1703 1102,1703 1102,1709 1075,1709 1075,1710 992,1710 992,1709 991,1709 991,1701 861,1701 861,1703 860,1703 860,1706 859,1706 859,1707 858,1707 858,1708 857,1708 857,1709 856,1709 856,1710 854,1710 854,1701 707,1701 707,1702 626,1702 626,1701 305,1701 305,1702 304,1702 304,1703 303,1703 303,1704 302,1704 302,1705 300,1705 300,1706 299,1706 299,1707 297,1707 297,1708 287,1708 287,1701 279,1701 279,1700 278,1700 278,1696 279,1696 279,1695 281,1695 281,1678 282,1678 282,1676 283,1676 283,1675 284,1675 284,1674 285,1674 285,1672 287,1672 287,1671 288,1671 288,1670 289,1670 289,1669 689,1669 689,1668"/>
	<Word id="w99">
	<Coords points="405,1669 405,1678 409,1678 409,1682 408,1682 408,1699 407,1699 407,1700 406,1700 406,1701 305,1701 305,1702 304,1702 304,1703 303,1703 303,1704 302,1704 302,1705 300,1705 300,1706 299,1706 299,1707 297,1707 297,1708 287,1708 287,1701 279,1701 279,1700 278,1700 278,1696 279,1696 279,1695 281,1695 281,1678 282,1678 282,1676 283,1676 283,1675 284,1675 284,1674 285,1674 285,1672 287,1672 287,1671 288,1671 288,1670 289,1670 289,1669"/>
	<TextEquiv conf="0.95081">
	<Unicode>Heimat</Unicode></TextEquiv></Word>
	<Word id="w101">
	<Coords points="440,1669 440,1670 441,1670 441,1678 460,1678 460,1679 461,1679 461,1680 463,1680 463,1697 464,1697 464,1699 463,1699 463,1700 461,1700 461,1701 436,1701 436,1700 435,1700 435,1698 434,1698 434,1683 433,1683 433,1680 434,1680 434,1669"/>
	<TextEquiv conf="0.95081">
	<Unicode>in</Unicode></TextEquiv></Word>
	<Word id="w103">
	<Coords points="575,1669 575,1671 576,1671 576,1679 579,1679 579,1682 578,1682 578,1700 576,1700 576,1701 496,1701 496,1700 495,1700 495,1699 489,1699 489,1680 488,1680 488,1671 489,1671 489,1670 490,1670 490,1669"/>
	<TextEquiv conf="0.96522">
	<Unicode>Wort</Unicode></TextEquiv></Word>
	<Word id="w105">
	<Coords points="652,1669 652,1673 653,1673 653,1674 654,1674 654,1675 656,1675 656,1676 657,1676 657,1677 659,1677 659,1678 660,1678 660,1679 661,1679 661,1681 662,1681 662,1682 663,1682 663,1695 662,1695 662,1697 661,1697 661,1698 660,1698 660,1699 659,1699 659,1700 657,1700 657,1701 629,1701 629,1702 626,1702 626,1701 606,1701 606,1700 604,1700 604,1699 603,1699 603,1679 604,1679 604,1678 646,1678 646,1672 647,1672 647,1670 648,1670 648,1669"/>
	<TextEquiv conf="0.96401">
	<Unicode>und</Unicode></TextEquiv></Word>
	<Word id="w107">
	<Coords points="753,1668 753,1673 755,1673 755,1674 756,1674 756,1675 758,1675 758,1676 759,1676 759,1677 760,1677 760,1678 761,1678 761,1679 762,1679 762,1680 763,1680 763,1682 764,1682 764,1685 765,1685 765,1692 764,1692 764,1695 763,1695 763,1697 762,1697 762,1698 761,1698 761,1699 759,1699 759,1700 757,1700 757,1701 707,1701 707,1702 703,1702 703,1701 701,1701 701,1700 698,1700 698,1699 696,1699 696,1698 690,1698 690,1679 689,1679 689,1672 690,1672 690,1671 691,1671 691,1670 692,1670 692,1669 694,1669 694,1668"/>
	<TextEquiv conf="0.96249">
	<Unicode>Bild</Unicode></TextEquiv></Word>
	<Word id="w109">
	<Coords points="855,1669 855,1677 858,1677 858,1678 859,1678 859,1679 860,1679 860,1680 861,1680 861,1682 862,1682 862,1685 863,1685 863,1698 862,1698 862,1701 861,1701 861,1703 860,1703 860,1706 859,1706 859,1707 858,1707 858,1708 857,1708 857,1709 856,1709 856,1710 854,1710 854,1701 792,1701 792,1699 791,1699 791,1682 790,1682 790,1679 791,1679 791,1678 843,1678 843,1670 848,1670 848,1669"/>
	<TextEquiv conf="0.68527">
	<Unicode>nach</Unicode></TextEquiv></Word>
	<Word id="w111">
	<Coords points="894,1669 894,1672 896,1672 896,1673 897,1673 897,1674 898,1674 898,1675 900,1675 900,1676 901,1676 901,1677 951,1677 951,1678 953,1678 953,1679 954,1679 954,1680 956,1680 956,1696 957,1696 957,1699 956,1699 956,1700 954,1700 954,1701 896,1701 896,1700 895,1700 895,1699 892,1699 892,1698 890,1698 890,1669"/>
	<TextEquiv conf="0.96227">
	<Unicode>dem</Unicode></TextEquiv></Word>
	<Word id="w113">
	<Coords points="1090,1668 1090,1669 1091,1669 1091,1677 1110,1677 1110,1678 1111,1678 1111,1679 1112,1679 1112,1681 1113,1681 1113,1683 1114,1683 1114,1693 1113,1693 1113,1695 1112,1695 1112,1697 1111,1697 1111,1698 1109,1698 1109,1699 1108,1699 1108,1700 1103,1700 1103,1703 1102,1703 1102,1709 1075,1709 1075,1710 992,1710 992,1709 991,1709 991,1700 984,1700 984,1687 983,1687 983,1682 982,1682 982,1681 981,1681 981,1671 982,1671 982,1670 983,1670 983,1669 984,1669 984,1668"/>
	<TextEquiv conf="0.96381">
	<Unicode>Prinzip</Unicode></TextEquiv></Word>
	<Word id="w115">
	<Coords points="1145,1668 1145,1671 1146,1671 1146,1672 1147,1672 1147,1673 1149,1673 1149,1674 1150,1674 1150,1675 1152,1675 1152,1676 1183,1676 1183,1677 1193,1677 1193,1678 1194,1678 1194,1680 1195,1680 1195,1683 1193,1683 1193,1684 1192,1684 1192,1697 1191,1697 1191,1698 1190,1698 1190,1699 1188,1699 1188,1700 1146,1700 1146,1699 1144,1699 1144,1698 1143,1698 1143,1697 1140,1697 1140,1668"/>
	<TextEquiv conf="0.96127">
	<Unicode>der</Unicode></TextEquiv></Word>
	<Word id="w117">
	<Coords points="1246,1668 1246,1669 1279,1669 1279,1677 1281,1677 1281,1678 1284,1678 1284,1693 1292,1693 1292,1694 1293,1694 1293,1696 1294,1696 1294,1698 1293,1698 1293,1700 1232,1700 1232,1699 1229,1699 1229,1698 1219,1698 1219,1670 1221,1670 1221,1669 1223,1669 1223,1668"/>
	<TextEquiv conf="0.95949">
	<Unicode>Tat.</Unicode></TextEquiv></Word>
	<TextEquiv conf="0.93254">
	<Unicode>Heimat in Wort und Bild nach dem Prinzip der Tat.</Unicode></TextEquiv></TextLine>
	<TextEquiv>
	<Unicode>Ein Organismus experimentell ausgewählter Familiengeſchichten aus trauter
Heimat in Wort und Bild nach dem Prinzip der Tat.</Unicode></TextEquiv></TextRegion>
	<TextRegion id="r15" type="heading">
	<Coords points="409,1737 409,1738 438,1738 438,1739 551,1739 551,1740 552,1740 552,1741 553,1741 553,1748 701,1748 701,1746 702,1746 702,1744 703,1744 703,1740 704,1740 704,1739 879,1739 879,1738 905,1738 905,1737 909,1737 909,1738 1009,1738 1009,1739 1018,1739 1018,1740 1161,1740 1161,1737 1164,1737 1164,1738 1165,1738 1165,1739 1166,1739 1166,1740 1167,1740 1167,1741 1168,1741 1168,1742 1169,1742 1169,1743 1170,1743 1170,1745 1171,1745 1171,1747 1172,1747 1172,1748 1173,1748 1173,1751 1174,1751 1174,1753 1175,1753 1175,1755 1176,1755 1176,1769 1175,1769 1175,1773 1174,1773 1174,1776 1173,1776 1173,1778 1172,1778 1172,1780 1171,1780 1171,1781 1170,1781 1170,1783 1169,1783 1169,1784 1168,1784 1168,1785 1167,1785 1167,1786 1166,1786 1166,1787 1165,1787 1165,1788 1163,1788 1163,1777 1005,1777 1005,1781 1004,1781 1004,1786 1003,1786 1003,1787 947,1787 947,1786 945,1786 945,1785 944,1785 944,1784 943,1784 943,1778 682,1778 682,1779 665,1779 665,1781 664,1781 664,1783 663,1783 663,1784 662,1784 662,1785 661,1785 661,1786 659,1786 659,1787 655,1787 655,1788 650,1788 650,1787 647,1787 647,1786 645,1786 645,1784 644,1784 644,1779 515,1779 515,1780 514,1780 514,1781 513,1781 513,1783 512,1783 512,1784 511,1784 511,1785 510,1785 510,1786 508,1786 508,1787 411,1787 411,1788 409,1788 409,1787 407,1787 407,1786 406,1786 406,1785 405,1785 405,1783 404,1783 404,1782 403,1782 403,1781 402,1781 402,1780 401,1780 401,1778 400,1778 400,1777 399,1777 399,1775 398,1775 398,1772 397,1772 397,1769 396,1769 396,1766 395,1766 395,1758 396,1758 396,1754 397,1754 397,1750 398,1750 398,1747 399,1747 399,1745 400,1745 400,1744 401,1744 401,1743 402,1743 402,1742 403,1742 403,1740 404,1740 404,1739 405,1739 405,1738 406,1738 406,1737"/>
	<TextLine id="l119">
	<Coords points="438,1738 438,1739 551,1739 551,1740 552,1740 552,1741 553,1741 553,1748 701,1748 701,1746 702,1746 702,1744 703,1744 703,1740 704,1740 704,1739 879,1739 879,1738 1009,1738 1009,1739 1018,1739 1018,1740 1161,1740 1161,1738 1165,1738 1165,1739 1166,1739 1166,1740 1167,1740 1167,1741 1168,1741 1168,1742 1169,1742 1169,1743 1170,1743 1170,1745 1171,1745 1171,1747 1172,1747 1172,1748 1173,1748 1173,1751 1174,1751 1174,1753 1175,1753 1175,1755 1176,1755 1176,1769 1175,1769 1175,1773 1174,1773 1174,1776 1173,1776 1173,1778 1172,1778 1172,1780 1171,1780 1171,1781 1170,1781 1170,1783 1169,1783 1169,1784 1168,1784 1168,1785 1167,1785 1167,1786 1166,1786 1166,1787 1165,1787 1165,1788 1163,1788 1163,1777 1005,1777 1005,1781 1004,1781 1004,1786 1003,1786 1003,1787 947,1787 947,1786 945,1786 945,1785 944,1785 944,1784 943,1784 943,1778 682,1778 682,1779 665,1779 665,1781 664,1781 664,1783 663,1783 663,1784 662,1784 662,1785 661,1785 661,1786 659,1786 659,1787 655,1787 655,1788 650,1788 650,1787 647,1787 647,1786 645,1786 645,1784 644,1784 644,1779 515,1779 515,1780 514,1780 514,1781 513,1781 513,1783 512,1783 512,1784 511,1784 511,1785 510,1785 510,1786 508,1786 508,1787 411,1787 411,1788 409,1788 409,1787 407,1787 407,1786 406,1786 406,1785 405,1785 405,1783 404,1783 404,1782 403,1782 403,1781 402,1781 402,1780 401,1780 401,1778 400,1778 400,1777 399,1777 399,1775 398,1775 398,1772 397,1772 397,1769 396,1769 396,1754 397,1754 397,1750 398,1750 398,1747 399,1747 399,1745 400,1745 400,1744 401,1744 401,1743 402,1743 402,1742 403,1742 403,1740 404,1740 404,1739 405,1739 405,1738"/>
	<Word id="w121">
	<Coords points="438,1738 438,1739 551,1739 551,1740 552,1740 552,1741 553,1741 553,1748 701,1748 701,1746 702,1746 702,1744 703,1744 703,1740 704,1740 704,1739 811,1739 811,1740 812,1740 812,1748 837,1748 837,1749 838,1749 838,1750 840,1750 840,1751 841,1751 841,1752 843,1752 843,1772 845,1772 845,1774 844,1774 844,1775 842,1775 842,1776 841,1776 841,1777 839,1777 839,1778 682,1778 682,1779 665,1779 665,1781 664,1781 664,1783 663,1783 663,1784 662,1784 662,1785 661,1785 661,1786 659,1786 659,1787 655,1787 655,1788 650,1788 650,1787 647,1787 647,1786 645,1786 645,1784 644,1784 644,1779 515,1779 515,1780 514,1780 514,1781 513,1781 513,1783 512,1783 512,1784 511,1784 511,1785 510,1785 510,1786 508,1786 508,1787 411,1787 411,1788 409,1788 409,1787 407,1787 407,1786 406,1786 406,1785 405,1785 405,1783 404,1783 404,1782 403,1782 403,1781 402,1781 402,1780 401,1780 401,1778 400,1778 400,1777 399,1777 399,1775 398,1775 398,1772 397,1772 397,1769 396,1769 396,1754 397,1754 397,1750 398,1750 398,1747 399,1747 399,1745 400,1745 400,1744 401,1744 401,1743 402,1743 402,1742 403,1742 403,1740 404,1740 404,1739 405,1739 405,1738"/>
	<TextEquiv conf="0.83992">
	<Unicode>(Erſcheinungstermin</Unicode></TextEquiv></Word>
	<Word id="w123">
	<Coords points="1009,1738 1009,1739 1018,1739 1018,1740 1019,1740 1019,1750 1024,1750 1024,1774 1023,1774 1023,1775 1022,1775 1022,1776 1020,1776 1020,1777 1005,1777 1005,1781 1004,1781 1004,1786 1003,1786 1003,1787 947,1787 947,1786 945,1786 945,1785 944,1785 944,1784 943,1784 943,1778 919,1778 919,1777 886,1777 886,1776 885,1776 885,1775 883,1775 883,1774 882,1774 882,1773 880,1773 880,1772 879,1772 879,1771 878,1771 878,1757 877,1757 877,1753 876,1753 876,1752 875,1752 875,1741 876,1741 876,1740 877,1740 877,1739 879,1739 879,1738"/>
	<TextEquiv conf="0.87760">
	<Unicode>Auguſt</Unicode></TextEquiv></Word>
	<Word id="w125">
	<Coords points="1165,1738 1165,1739 1166,1739 1166,1740 1167,1740 1167,1741 1168,1741 1168,1742 1169,1742 1169,1743 1170,1743 1170,1745 1171,1745 1171,1747 1172,1747 1172,1748 1173,1748 1173,1751 1174,1751 1174,1753 1175,1753 1175,1755 1176,1755 1176,1769 1175,1769 1175,1773 1174,1773 1174,1776 1173,1776 1173,1778 1172,1778 1172,1780 1171,1780 1171,1781 1170,1781 1170,1783 1169,1783 1169,1784 1168,1784 1168,1785 1167,1785 1167,1786 1166,1786 1166,1787 1165,1787 1165,1788 1163,1788 1163,1777 1055,1777 1055,1749 1054,1749 1054,1745 1057,1745 1057,1744 1059,1744 1059,1743 1060,1743 1060,1742 1061,1742 1061,1741 1062,1741 1062,1740 1161,1740 1161,1738"/>
	<TextEquiv conf="0.96357">
	<Unicode>1910.)</Unicode></TextEquiv></Word>
	<TextEquiv conf="0.89370">
	<Unicode>(Erſcheinungstermin Auguſt 1910.)</Unicode></TextEquiv></TextLine>
	<TextEquiv>
	<Unicode>(Erſcheinungstermin Auguſt 1910.)</Unicode></TextEquiv></TextRegion>
	<TextRegion id="r16" type="paragraph">
	<Coords points="132,1815 132,1816 318,1816 318,1815 425,1815 425,1816 593,1816 593,1817 736,1817 736,1816 739,1816 739,1824 742,1824 742,1825 743,1825 743,1826 744,1826 744,1829 745,1829 745,1834 746,1834 746,1837 1004,1837 1004,1836 1183,1836 1183,1835 1185,1835 1185,1836 1317,1836 1317,1819 1318,1819 1318,1818 1319,1818 1319,1817 1320,1817 1320,1816 1322,1816 1322,1815 1337,1815 1337,1816 1363,1816 1363,1817 1434,1817 1434,1818 1455,1818 1455,1819 1457,1819 1457,1820 1458,1820 1458,1822 1459,1822 1459,1827 1460,1827 1460,1836 1467,1836 1467,1837 1469,1837 1469,2014 1470,2014 1470,2019 1468,2019 1468,2020 1422,2020 1422,2021 1421,2021 1421,2023 1420,2023 1420,2024 1419,2024 1419,2025 1417,2025 1417,2024 1416,2024 1416,2022 1415,2022 1415,2019 1348,2019 1348,2018 1214,2018 1214,2020 1213,2020 1213,2022 1212,2022 1212,2023 1210,2023 1210,2024 1205,2024 1205,2023 1203,2023 1203,2018 643,2018 643,2019 566,2019 566,2022 565,2022 565,2023 564,2023 564,2025 563,2025 563,2026 562,2026 562,2028 559,2028 559,2026 481,2026 481,2025 446,2025 446,2024 445,2024 445,2023 444,2023 444,2019 392,2019 392,2018 282,2018 282,2017 281,2017 281,2016 280,2016 280,1981 265,1981 265,1977 264,1977 264,1974 222,1974 222,1973 214,1973 214,1961 211,1961 211,1960 210,1960 210,1959 209,1959 209,1847 76,1847 76,1846 75,1846 75,1840 70,1840 70,1829 69,1829 69,1828 68,1828 68,1826 67,1826 67,1824 66,1824 66,1819 67,1819 67,1817 69,1817 69,1816 71,1816 71,1815"/>
	<TextLine id="l127">
	<Coords points="1337,1815 1337,1816 1363,1816 1363,1817 1379,1817 1379,1818 1455,1818 1455,1819 1457,1819 1457,1820 1458,1820 1458,1822 1459,1822 1459,1827 1460,1827 1460,1836 1467,1836 1467,1837 1469,1837 1469,1842 1468,1842 1468,1843 1452,1843 1452,1844 1421,1844 1421,1845 1420,1845 1420,1847 1419,1847 1419,1848 1418,1848 1418,1849 1415,1849 1415,1845 1414,1845 1414,1843 1402,1843 1402,1842 1274,1842 1274,1841 1051,1841 1051,1842 712,1842 712,1845 711,1845 711,1847 709,1847 709,1848 708,1848 708,1849 671,1849 671,1850 670,1850 670,1851 666,1851 666,1849 415,1849 415,1850 413,1850 413,1849 412,1849 412,1848 411,1848 411,1846 410,1846 410,1845 409,1845 409,1843 408,1843 408,1841 288,1841 288,1845 287,1845 287,1846 286,1846 286,1847 283,1847 283,1848 276,1848 276,1847 275,1847 275,1846 274,1846 274,1842 144,1842 144,1843 143,1843 143,1847 76,1847 76,1846 75,1846 75,1840 70,1840 70,1829 69,1829 69,1828 68,1828 68,1826 67,1826 67,1817 69,1817 69,1816 446,1816 446,1817 739,1817 739,1824 742,1824 742,1825 743,1825 743,1826 744,1826 744,1829 745,1829 745,1834 746,1834 746,1837 1004,1837 1004,1836 1183,1836 1183,1835 1185,1835 1185,1836 1317,1836 1317,1819 1318,1819 1318,1818 1319,1818 1319,1817 1320,1817 1320,1816 1322,1816 1322,1815"/>
	<Word id="w129">
	<Coords points="146,1816 146,1822 160,1822 160,1823 173,1823 173,1824 174,1824 174,1841 173,1841 173,1842 144,1842 144,1843 143,1843 143,1847 76,1847 76,1846 75,1846 75,1840 70,1840 70,1829 69,1829 69,1828 68,1828 68,1826 67,1826 67,1817 69,1817 69,1816"/>
	<TextEquiv conf="0.90436">
	<Unicode>Preiſe:</Unicode></TextEquiv></Word>
	<Word id="w131">
	<Coords points="321,1816 321,1823 340,1823 340,1825 341,1825 341,1827 342,1827 342,1839 341,1839 341,1840 338,1840 338,1841 288,1841 288,1845 287,1845 287,1846 286,1846 286,1847 283,1847 283,1848 276,1848 276,1847 275,1847 275,1846 274,1846 274,1842 215,1842 215,1841 213,1841 213,1840 212,1840 212,1839 211,1839 211,1838 210,1838 210,1825 209,1825 209,1817 211,1817 211,1816"/>
	<TextEquiv conf="0.90436">
	<Unicode>Ausgabe</Unicode></TextEquiv></Word>
	<Word id="w133">
	<Coords points="377,1817 377,1818 378,1818 378,1820 379,1820 379,1824 380,1824 380,1826 381,1826 381,1830 382,1830 382,1832 383,1832 383,1834 384,1834 384,1837 385,1837 385,1838 386,1838 386,1841 365,1841 365,1836 366,1836 366,1835 367,1835 367,1833 368,1833 368,1830 369,1830 369,1829 371,1829 371,1824 372,1824 372,1818 373,1818 373,1817"/>
	<TextEquiv conf="0.95744">
	<Unicode>A</Unicode></TextEquiv></Word>
	<Word id="w135">
	<Coords points="426,1816 426,1823 443,1823 443,1824 444,1824 444,1825 445,1825 445,1838 446,1838 446,1841 444,1841 444,1842 415,1842 415,1850 413,1850 413,1849 412,1849 412,1848 411,1848 411,1846 410,1846 410,1845 409,1845 409,1843 408,1843 408,1824 409,1824 409,1822 410,1822 410,1819 411,1819 411,1818 412,1818 412,1816"/>
	<TextEquiv conf="0.93042">
	<Unicode>(in</Unicode></TextEquiv></Word>
	<Word id="w137">
	<Coords points="669,1817 669,1818 670,1818 670,1819 671,1819 671,1820 672,1820 672,1822 673,1822 673,1823 674,1823 674,1825 675,1825 675,1830 676,1830 676,1839 675,1839 675,1842 674,1842 674,1845 673,1845 673,1847 672,1847 672,1848 671,1848 671,1850 670,1850 670,1851 666,1851 666,1849 505,1849 505,1842 475,1842 475,1841 472,1841 472,1840 468,1840 468,1821 469,1821 469,1820 470,1820 470,1819 471,1819 471,1818 472,1818 472,1817"/>
	<TextEquiv conf="0.29232">
	<Unicode>Schwarzdruck)</Unicode></TextEquiv></Word>
	<Word id="w143">
	<Coords points="1455,1818 1455,1819 1457,1819 1457,1820 1458,1820 1458,1822 1459,1822 1459,1827 1460,1827 1460,1836 1467,1836 1467,1837 1469,1837 1469,1842 1468,1842 1468,1843 1452,1843 1452,1844 1421,1844 1421,1845 1420,1845 1420,1847 1419,1847 1419,1848 1418,1848 1418,1849 1415,1849 1415,1845 1414,1845 1414,1843 1402,1843 1402,1842 1400,1842 1400,1841 1399,1841 1399,1840 1398,1840 1398,1821 1399,1821 1399,1819 1400,1819 1400,1818"/>
	<TextEquiv conf="0.95440">
	<Unicode>0,80.</Unicode></TextEquiv></Word>
	<Word id="w508">
	<Coords points="738,1817 738,1825 741,1825 741,1826 742,1826 742,1827 743,1827 743,1830 744,1830 744,1835 745,1835 745,1838 754,1838 754,1840 753,1840 753,1841 711,1841 711,1844 710,1844 710,1846 708,1846 708,1847 707,1847 707,1848 701,1848 701,1847 699,1847 699,1846 698,1846 698,1836 697,1836 698,1836 698,1829 699,1829 699,1828 700,1828 700,1827 701,1827 701,1826 702,1826 702,1825 731,1825 731,1819 735,1819 735,1818 737,1818 737,1817"/>
	<TextEquiv conf="0.46652">
	<Unicode>geb.</Unicode></TextEquiv></Word>
	<Word id="w511">
	<Coords points="785,1838 785,1841 782,1841 782,1840 781,1840 782,1840 782,1838"/>
	<TextEquiv conf="0.46652">
	<Unicode>.</Unicode></TextEquiv></Word>
	<Word id="w513">
	<Coords points="829,1838 829,1839 830,1839 830,1841 827,1841 827,1838"/>
	<TextEquiv conf="0.46652">
	<Unicode>.</Unicode></TextEquiv></Word>
	<Word id="w515">
	<Coords points="875,1838 875,1839 876,1839 875,1839 875,1841 873,1841 873,1840 872,1840 872,1838"/>
	<TextEquiv conf="0.46652">
	<Unicode>.</Unicode></TextEquiv></Word>
	<Word id="w517">
	<Coords points="919,1838 919,1841 917,1841 917,1840 916,1840 916,1838"/>
	<TextEquiv conf="0.46652">
	<Unicode>.</Unicode></TextEquiv></Word>
	<Word id="w519">
	<Coords points="963,1838 963,1840 962,1840 962,1841 961,1841 961,1840 960,1840 960,1838"/>
	<TextEquiv conf="0.46652">
	<Unicode>.</Unicode></TextEquiv></Word>
	<Word id="w520">
	<Coords points="1006,1837 1006,1838 1007,1838 1007,1840 1005,1840 1005,1841 1005,1840 1004,1840 1004,1838 1005,1838 1005,1837"/>
	<TextEquiv conf="0.46652">
	<Unicode>.</Unicode></TextEquiv></Word>
	<Word id="w521">
	<Coords points="1051,1837 1051,1838 1052,1838 1052,1840 1050,1840 1050,1841 1049,1841 1049,1840 1048,1840 1048,1838 1049,1838 1049,1837"/>
	<TextEquiv conf="0.46652">
	<Unicode>.</Unicode></TextEquiv></Word>
	<Word id="w538">
	<Coords points="1096,1837 1096,1840 1093,1840 1093,1839 1092,1839 1093,1839 1093,1837"/>
	<TextEquiv conf="0.46652">
	<Unicode>.</Unicode></TextEquiv></Word>
	<Word id="w541">
	<Coords points="1139,1837 1139,1838 1140,1838 1140,1839 1139,1839 1139,1840 1137,1840 1137,1837"/>
	<TextEquiv conf="0.46652">
	<Unicode>.</Unicode></TextEquiv></Word>
	<Word id="w543">
	<Coords points="1184,1837 1185,1837 1185,1838 1186,1838 1186,1839 1185,1839 1185,1840 1183,1840 1183,1838 1182,1838 1183,1838 1183,1837 1184,1837 1184,1836"/>
	<TextEquiv conf="0.46652">
	<Unicode>.</Unicode></TextEquiv></Word>
	<Word id="w545">
	<Coords points="1230,1837 1230,1838 1231,1838 1231,1840 1228,1840 1228,1838 1229,1838 1229,1837"/>
	<TextEquiv conf="0.46652">
	<Unicode>.</Unicode></TextEquiv></Word>
	<Word id="w546">
	<Coords points="1277,1836 1277,1840 1276,1840 1276,1841 1275,1841 1275,1840 1274,1840 1274,1836"/>
	<TextEquiv conf="0.46652">
	<Unicode>.</Unicode></TextEquiv></Word>
	<Word id="w547">
	<Coords points="1336,1816 1336,1817 1362,1817 1362,1824 1366,1824 1366,1825 1367,1825 1367,1826 1368,1826 1368,1837 1377,1837 1377,1838 1378,1838 1378,1840 1377,1840 1377,1841 1323,1841 1323,1840 1322,1840 1322,1839 1321,1839 1321,1829 1320,1829 1320,1825 1319,1825 1319,1824 1318,1824 1318,1820 1319,1820 1319,1819 1320,1819 1320,1818 1321,1818 1321,1817 1323,1817 1323,1816"/>
	<TextEquiv conf="0.46652">
	<Unicode>Mk.</Unicode></TextEquiv></Word>
	<TextEquiv conf="0.73454">
	<Unicode>Preiſe: Ausgabe A (in Schwarzdruck) geb. . . . . . . . . . . . . Mk. 0,80.</Unicode></TextEquiv></TextLine>
	<TextLine id="l10">
	<Coords points="459,1860 459,1861 841,1861 841,1862 942,1862 942,1861 975,1861 975,1860 1260,1860 1260,1867 1274,1867 1274,1868 1275,1868 1275,1871 1276,1871 1276,1884 1273,1884 1273,1885 1259,1885 1259,1886 1208,1886 1208,1888 1207,1888 1207,1890 1206,1890 1206,1891 1151,1891 1151,1893 1149,1893 1149,1892 981,1892 981,1893 979,1893 979,1891 978,1891 978,1886 838,1886 838,1893 835,1893 835,1892 804,1892 804,1886 663,1886 663,1887 512,1887 512,1892 511,1892 511,1894 412,1894 412,1893 411,1893 411,1892 410,1892 410,1890 409,1890 409,1888 408,1888 408,1886 288,1886 288,1887 287,1887 287,1889 286,1889 286,1890 285,1890 285,1891 283,1891 283,1892 275,1892 275,1891 274,1891 274,1890 273,1890 273,1886 216,1886 216,1885 215,1885 215,1884 213,1884 213,1883 211,1883 211,1882 210,1882 210,1861 211,1861 211,1860"/>
	<Word id="w145">
	<Coords points="320,1860 320,1867 339,1867 339,1868 340,1868 340,1870 341,1870 341,1875 340,1875 340,1884 338,1884 338,1885 288,1885 288,1887 287,1887 287,1889 286,1889 286,1890 285,1890 285,1891 283,1891 283,1892 275,1892 275,1891 274,1891 274,1890 273,1890 273,1886 216,1886 216,1885 215,1885 215,1884 213,1884 213,1883 211,1883 211,1882 210,1882 210,1861 211,1861 211,1860"/>
	<TextEquiv conf="0.91005">
	<Unicode>Ausgabe</Unicode></TextEquiv></Word>
	<Word id="w147">
	<Coords points="381,1860 381,1861 382,1861 382,1862 383,1862 383,1864 384,1864 384,1876 385,1876 385,1881 384,1881 384,1883 383,1883 383,1884 381,1884 381,1885 379,1885 379,1886 364,1886 364,1860"/>
	<TextEquiv conf="0.92255">
	<Unicode>B</Unicode></TextEquiv></Word>
	<Word id="w149">
	<Coords points="443,1860 443,1867 457,1867 457,1869 458,1869 458,1872 459,1872 459,1875 458,1875 458,1884 456,1884 456,1885 442,1885 442,1886 415,1886 415,1894 412,1894 412,1893 411,1893 411,1892 410,1892 410,1890 409,1890 409,1888 408,1888 408,1885 407,1885 407,1868 408,1868 408,1867 409,1867 409,1864 410,1864 410,1862 411,1862 411,1861 412,1861 412,1860"/>
	<TextEquiv conf="0.96178">
	<Unicode>(die</Unicode></TextEquiv></Word>
	<Word id="w151">
	<Coords points="522,1861 522,1867 546,1867 546,1868 555,1868 555,1869 557,1869 557,1882 558,1882 558,1885 557,1885 557,1886 555,1886 555,1887 512,1887 512,1892 511,1892 511,1894 509,1894 509,1890 508,1890 508,1886 484,1886 484,1885 482,1885 482,1884 481,1884 481,1883 480,1883 480,1870 481,1870 481,1869 483,1869 483,1868 485,1868 485,1867 507,1867 507,1861"/>
	<TextEquiv conf="0.96412">
	<Unicode>erſten</Unicode></TextEquiv></Word>
	<Word id="w153">
	<Coords points="603,1862 603,1863 604,1863 604,1864 605,1864 605,1868 606,1868 606,1885 605,1885 605,1886 581,1886 581,1887 578,1887 578,1886 575,1886 575,1885 574,1885 574,1884 573,1884 573,1864 574,1864 574,1862"/>
	<TextEquiv conf="0.96412">
	<Unicode>32</Unicode></TextEquiv></Word>
	<Word id="w155">
	<Coords points="664,1861 664,1862 675,1862 675,1867 689,1867 689,1868 709,1868 709,1869 710,1869 710,1883 712,1883 712,1885 711,1885 711,1886 663,1886 663,1887 628,1887 628,1886 626,1886 626,1885 620,1885 620,1866 621,1866 621,1864 622,1864 622,1863 624,1863 624,1862 625,1862 625,1861"/>
	<TextEquiv conf="0.96458">
	<Unicode>Seiten</Unicode></TextEquiv></Word>
	<Word id="w157">
	<Coords points="742,1861 742,1862 797,1862 797,1869 801,1869 801,1881 809,1881 809,1885 808,1885 808,1888 807,1888 807,1891 806,1891 806,1892 804,1892 804,1886 738,1886 738,1885 736,1885 736,1884 733,1884 733,1861"/>
	<TextEquiv conf="0.95977">
	<Unicode>bunt,</Unicode></TextEquiv></Word>
	<Word id="w159">
	<Coords points="841,1861 841,1867 918,1867 918,1868 919,1868 919,1872 918,1872 918,1884 916,1884 916,1885 888,1885 888,1886 838,1886 838,1893 835,1893 835,1888 834,1888 834,1872 832,1872 832,1862 833,1862 833,1861"/>
	<TextEquiv conf="0.96308">
	<Unicode>ferner</Unicode></TextEquiv></Word>
	<Word id="w161">
	<Coords points="951,1861 951,1862 953,1862 953,1864 954,1864 954,1877 955,1877 955,1880 954,1880 954,1883 953,1883 953,1884 952,1884 952,1885 950,1885 950,1886 944,1886 944,1885 941,1885 941,1884 940,1884 940,1883 939,1883 939,1863 940,1863 940,1862 942,1862 942,1861"/>
	<TextEquiv conf="0.96384">
	<Unicode>8</Unicode></TextEquiv></Word>
	<Word id="w163">
	<Coords points="1045,1860 1045,1866 1076,1866 1076,1867 1077,1867 1077,1869 1078,1869 1078,1871 1079,1871 1079,1883 1078,1883 1078,1884 1076,1884 1076,1885 1064,1885 1064,1888 1063,1888 1063,1889 1062,1889 1062,1890 1061,1890 1061,1891 1060,1891 1060,1892 981,1892 981,1893 979,1893 979,1891 978,1891 978,1873 977,1873 977,1872 976,1872 976,1871 975,1871 975,1868 976,1868 976,1861 977,1861 977,1860"/>
	<TextEquiv conf="0.96384">
	<Unicode>farbige</Unicode></TextEquiv></Word>
	<Word id="w165">
	<Coords points="1182,1860 1182,1866 1188,1866 1188,1867 1197,1867 1197,1868 1199,1868 1199,1880 1209,1880 1209,1886 1208,1886 1208,1888 1207,1888 1207,1890 1206,1890 1206,1891 1151,1891 1151,1893 1149,1893 1149,1890 1148,1890 1148,1886 1116,1886 1116,1885 1112,1885 1112,1884 1103,1884 1103,1861 1104,1861 1104,1860"/>
	<TextEquiv conf="0.73345">
	<Unicode>Tafeln,</Unicode></TextEquiv></Word>
	<Word id="w167">
	<Coords points="1260,1860 1260,1867 1274,1867 1274,1868 1275,1868 1275,1871 1276,1871 1276,1884 1273,1884 1273,1885 1259,1885 1259,1886 1240,1886 1240,1885 1238,1885 1238,1884 1235,1884 1235,1861 1236,1861 1236,1860"/>
	<TextEquiv conf="0.96144">
	<Unicode>die</Unicode></TextEquiv></Word>
	<TextEquiv conf="0.93605">
	<Unicode>Ausgabe B (die erſten 32 Seiten bunt, ferner 8 farbige Tafeln, die</Unicode></TextEquiv></TextLine>
	<TextLine id="l169">
	<Coords points="1250,1903 1250,1904 1362,1904 1362,1905 1378,1905 1378,1906 1453,1906 1453,1907 1456,1907 1456,1908 1457,1908 1457,1909 1458,1909 1458,1912 1459,1912 1459,1925 1468,1925 1468,1927 1469,1927 1469,1929 1468,1929 1468,1931 1452,1931 1452,1932 1420,1932 1420,1934 1419,1934 1419,1935 1418,1935 1418,1937 1414,1937 1414,1932 1401,1932 1401,1931 1400,1931 1400,1930 1213,1930 1213,1931 1212,1931 1212,1933 1211,1933 1211,1934 1210,1934 1210,1935 1209,1935 1209,1936 1204,1936 1204,1935 1202,1935 1202,1933 1201,1933 1201,1929 862,1929 862,1930 834,1930 834,1934 833,1934 833,1935 831,1935 831,1936 828,1936 828,1937 792,1937 792,1938 791,1938 791,1939 788,1939 788,1937 775,1937 775,1936 772,1936 772,1935 770,1935 770,1931 589,1931 589,1933 588,1933 588,1934 587,1934 587,1935 586,1935 586,1936 584,1936 584,1937 575,1937 575,1936 574,1936 574,1935 572,1935 572,1933 571,1933 571,1931 358,1931 358,1932 357,1932 357,1934 356,1934 356,1935 355,1935 355,1936 353,1936 353,1937 347,1937 347,1936 345,1936 345,1935 344,1935 344,1930 283,1930 283,1929 281,1929 281,1928 280,1928 280,1912 281,1912 281,1911 282,1911 282,1905 304,1905 304,1904 638,1904 638,1905 788,1905 788,1904 862,1904 862,1911 865,1911 865,1912 866,1912 866,1913 867,1913 867,1914 868,1914 868,1924 1201,1924 1201,1912 1203,1912 1203,1911 1204,1911 1204,1910 1216,1910 1216,1903"/>
	<Word id="w171">
	<Coords points="338,1904 338,1905 339,1905 339,1911 389,1911 389,1912 391,1912 391,1913 392,1913 392,1914 393,1914 393,1927 394,1927 394,1929 392,1929 392,1930 358,1930 358,1932 357,1932 357,1934 356,1934 356,1935 355,1935 355,1936 353,1936 353,1937 347,1937 347,1936 345,1936 345,1935 344,1935 344,1930 283,1930 283,1929 281,1929 281,1928 280,1928 280,1912 281,1912 281,1911 282,1911 282,1905 304,1905 304,1904"/>
	<TextEquiv conf="0.96162">
	<Unicode>übrigen</Unicode></TextEquiv></Word>
	<Word id="w173">
	<Coords points="465,1904 465,1907 466,1907 466,1908 467,1908 467,1909 469,1909 469,1910 470,1910 470,1911 503,1911 503,1912 504,1912 504,1917 502,1917 502,1929 500,1929 500,1930 455,1930 455,1931 422,1931 422,1930 420,1930 420,1929 418,1929 418,1928 412,1928 412,1913 411,1913 411,1907 412,1907 412,1905 413,1905 413,1904"/>
	<TextEquiv conf="0.95331">
	<Unicode>Bilder</Unicode></TextEquiv></Word>
	<Word id="w175">
	<Coords points="530,1904 530,1911 546,1911 546,1912 548,1912 548,1913 549,1913 549,1926 550,1926 550,1927 551,1927 551,1929 549,1929 549,1930 547,1930 547,1931 545,1931 545,1930 526,1930 526,1929 525,1929 525,1921 524,1921 524,1916 523,1916 523,1913 524,1913 524,1905 525,1905 525,1904"/>
	<TextEquiv conf="0.90789">
	<Unicode>in</Unicode></TextEquiv></Word>
	<Word id="w177">
	<Coords points="638,1904 638,1905 788,1905 788,1904 791,1904 791,1905 792,1905 792,1906 793,1906 793,1907 794,1907 794,1909 795,1909 795,1911 796,1911 796,1913 797,1913 797,1916 798,1916 798,1926 797,1926 797,1930 796,1930 796,1932 795,1932 795,1934 794,1934 794,1935 793,1935 793,1937 792,1937 792,1938 791,1938 791,1939 788,1939 788,1937 775,1937 775,1936 772,1936 772,1935 770,1935 770,1931 589,1931 589,1933 588,1933 588,1934 587,1934 587,1935 586,1935 586,1936 584,1936 584,1937 575,1937 575,1936 574,1936 574,1935 572,1935 572,1933 571,1933 571,1914 570,1914 570,1907 571,1907 571,1906 572,1906 572,1905 573,1905 573,1904"/>
	<TextEquiv conf="0.90789">
	<Unicode>Farbentönung)</Unicode></TextEquiv></Word>
	<Word id="w183">
	<Coords points="1250,1903 1250,1910 1253,1910 1253,1911 1272,1911 1272,1912 1274,1912 1274,1913 1277,1913 1277,1926 1278,1926 1278,1928 1277,1928 1277,1929 1276,1929 1276,1930 1213,1930 1213,1931 1212,1931 1212,1933 1211,1933 1211,1934 1210,1934 1210,1935 1209,1935 1209,1936 1204,1936 1204,1935 1202,1935 1202,1933 1201,1933 1201,1912 1203,1912 1203,1911 1204,1911 1204,1910 1216,1910 1216,1903"/>
	<TextEquiv conf="0.94189">
	<Unicode>zirka</Unicode></TextEquiv></Word>
	<Word id="w185">
	<Coords points="1362,1904 1362,1911 1366,1911 1366,1912 1367,1912 1367,1913 1368,1913 1368,1924 1377,1924 1377,1925 1378,1925 1378,1929 1377,1929 1377,1930 1321,1930 1321,1929 1319,1929 1319,1915 1318,1915 1318,1914 1317,1914 1317,1906 1321,1906 1321,1904"/>
	<TextEquiv conf="0.95331">
	<Unicode>Mk.</Unicode></TextEquiv></Word>
	<Word id="w187">
	<Coords points="1453,1906 1453,1907 1456,1907 1456,1908 1457,1908 1457,1909 1458,1909 1458,1912 1459,1912 1459,1925 1468,1925 1468,1927 1469,1927 1469,1929 1468,1929 1468,1931 1452,1931 1452,1932 1420,1932 1420,1934 1419,1934 1419,1935 1418,1935 1418,1937 1414,1937 1414,1932 1401,1932 1401,1931 1400,1931 1400,1912 1399,1912 1399,1909 1401,1909 1401,1908 1402,1908 1402,1907 1403,1907 1403,1906"/>
	<TextEquiv conf="0.95935">
	<Unicode>1,00.</Unicode></TextEquiv></Word>
	<Word id="w522">
	<Coords points="861,1904 861,1912 864,1912 864,1913 865,1913 865,1914 866,1914 866,1915 867,1915 867,1925 876,1925 876,1926 877,1926 877,1927 876,1927 876,1928 861,1928 861,1929 833,1929 833,1933 832,1933 832,1934 830,1934 830,1935 827,1935 827,1936 824,1936 824,1935 822,1935 822,1934 821,1934 821,1933 820,1933 820,1917 821,1917 821,1916 822,1916 822,1915 823,1915 823,1914 824,1914 824,1913 826,1913 826,1912 853,1912 853,1906 857,1906 857,1905 860,1905 860,1904"/>
	<TextEquiv conf="0.05379">
	<Unicode>geb.</Unicode></TextEquiv></Word>
	<Word id="w524">
	<Coords points="912,1925 912,1926 913,1926 913,1927 912,1927 912,1928 909,1928 909,1925"/>
	<TextEquiv conf="0.05379">
	<Unicode>.</Unicode></TextEquiv></Word>
	<Word id="w526">
	<Coords points="956,1925 956,1926 957,1926 957,1927 956,1927 956,1928 954,1928 954,1927 953,1927 953,1926 954,1926 954,1925"/>
	<TextEquiv conf="0.05379">
	<Unicode>.</Unicode></TextEquiv></Word>
	<Word id="w528">
	<Coords points="1000,1925 1000,1927 999,1927 999,1928 997,1928 997,1925"/>
	<TextEquiv conf="0.05379">
	<Unicode>.</Unicode></TextEquiv></Word>
	<Word id="w529">
	<Coords points="1043,1925 1043,1926 1044,1926 1044,1927 1043,1927 1043,1928 1041,1928 1041,1927 1040,1927 1040,1926 1041,1926 1041,1925"/>
	<TextEquiv conf="0.05379">
	<Unicode>.</Unicode></TextEquiv></Word>
	<Word id="w548">
	<Coords points="1088,1925 1088,1928 1085,1928 1085,1925"/>
	<TextEquiv conf="0.60070">
	<Unicode>.</Unicode></TextEquiv></Word>
	<Word id="w550">
	<Coords points="1177,1925 1178,1925 1178,1926 1179,1926 1179,1927 1178,1927 1178,1928 1176,1928 1176,1927 1175,1927 1175,1926 1176,1926 1176,1925 1177,1925 1177,1924"/>
	<TextEquiv conf="0.60070">
	<Unicode>.</Unicode></TextEquiv></Word>
	<Word id="w551">
	<Coords points="1133,1925 1133,1927 1132,1927 1132,1928 1131,1928 1131,1927 1130,1927 1130,1925"/>
	<TextEquiv conf="0.60070">
	<Unicode>.</Unicode></TextEquiv></Word>
	<TextEquiv conf="0.80442">
	<Unicode>übrigen Bilder in Farbentönung) geb. . . . . . . . zirka Mk. 1,00.</Unicode></TextEquiv></TextLine>
	<TextLine id="l34">
	<Coords points="329,1948 329,1949 760,1949 760,1948 1018,1948 1018,1950 1019,1950 1019,1951 1020,1951 1020,1952 1022,1952 1022,1953 1023,1953 1023,1954 1025,1954 1025,1955 1029,1955 1029,1956 1132,1956 1132,1955 1134,1955 1134,1948 1256,1948 1256,1955 1259,1955 1259,1956 1260,1956 1260,1957 1261,1957 1261,1958 1262,1958 1262,1960 1275,1960 1275,1968 1274,1968 1274,1969 1261,1969 1261,1970 1260,1970 1260,1971 1259,1971 1259,1972 1257,1972 1257,1973 1255,1973 1255,1974 1211,1974 1211,1975 1210,1975 1210,1976 1209,1976 1209,1977 1208,1977 1208,1978 1207,1978 1207,1979 1205,1979 1205,1980 1197,1980 1197,1979 1195,1979 1195,1974 1191,1974 1191,1973 1081,1973 1081,1974 1059,1974 1059,1973 939,1973 939,1974 852,1974 852,1975 851,1975 851,1977 850,1977 850,1978 849,1978 849,1979 848,1979 848,1980 846,1980 846,1981 769,1981 769,1983 767,1983 767,1982 765,1982 765,1980 764,1980 764,1979 763,1979 763,1978 762,1978 762,1975 643,1975 643,1978 642,1978 642,1980 641,1980 641,1981 634,1981 634,1980 633,1980 633,1979 632,1979 632,1975 365,1975 365,1977 364,1977 364,1979 363,1979 363,1980 361,1980 361,1981 265,1981 265,1977 264,1977 264,1974 222,1974 222,1973 214,1973 214,1961 211,1961 211,1960 210,1960 210,1951 211,1951 211,1950 212,1950 212,1949 214,1949 214,1948"/>
	<Word id="w189">
	<Coords points="308,1948 308,1955 326,1955 326,1956 327,1956 327,1958 328,1958 328,1960 329,1960 329,1972 327,1972 327,1973 308,1973 308,1974 268,1974 268,1978 267,1978 267,1981 265,1981 265,1977 264,1977 264,1974 222,1974 222,1973 214,1973 214,1961 211,1961 211,1960 210,1960 210,1951 211,1951 211,1950 212,1950 212,1949 214,1949 214,1948"/>
	<TextEquiv conf="0.96202">
	<Unicode>Dieſelbe</Unicode></TextEquiv></Word>
	<Word id="w191">
	<Coords points="445,1949 445,1952 446,1952 446,1953 448,1953 448,1954 449,1954 449,1955 451,1955 451,1956 486,1956 486,1957 487,1957 487,1958 488,1958 488,1971 490,1971 490,1973 489,1973 489,1974 488,1974 488,1975 365,1975 365,1977 364,1977 364,1979 363,1979 363,1980 361,1980 361,1981 354,1981 354,1980 352,1980 352,1979 351,1979 351,1959 352,1959 352,1958 353,1958 353,1957 355,1957 355,1956 375,1956 375,1955 383,1955 383,1950 387,1950 387,1949"/>
	<TextEquiv conf="0.96369">
	<Unicode>gebunden</Unicode></TextEquiv></Word>
	<Word id="w193">
	<Coords points="520,1949 520,1956 537,1956 537,1957 538,1957 538,1958 539,1958 539,1971 541,1971 541,1973 540,1973 540,1974 538,1974 538,1975 517,1975 517,1974 515,1974 515,1961 514,1961 514,1957 515,1957 515,1949"/>
	<TextEquiv conf="0.96102">
	<Unicode>in</Unicode></TextEquiv></Word>
	<Word id="w195">
	<Coords points="677,1949 677,1955 710,1955 710,1956 730,1956 730,1957 732,1957 732,1971 734,1971 734,1973 732,1973 732,1974 696,1974 696,1975 643,1975 643,1978 642,1978 642,1980 641,1980 641,1981 634,1981 634,1980 633,1980 633,1979 632,1979 632,1975 575,1975 575,1974 573,1974 573,1973 572,1973 572,1972 571,1972 571,1971 570,1971 570,1970 569,1970 569,1968 568,1968 568,1955 569,1955 569,1953 570,1953 570,1951 571,1951 571,1950 573,1950 573,1949"/>
	<TextEquiv conf="0.92990">
	<Unicode>Ganzleinen</Unicode></TextEquiv></Word>
	<Word id="w197">
	<Coords points="884,1948 884,1955 902,1955 902,1956 903,1956 903,1958 904,1958 904,1960 905,1960 905,1971 904,1971 904,1972 902,1972 902,1973 883,1973 883,1974 852,1974 852,1975 851,1975 851,1977 850,1977 850,1978 849,1978 849,1979 848,1979 848,1980 846,1980 846,1981 769,1981 769,1983 767,1983 767,1982 765,1982 765,1980 764,1980 764,1979 763,1979 763,1978 762,1978 762,1975 761,1975 761,1973 760,1973 760,1956 761,1956 761,1955 762,1955 762,1953 763,1953 763,1951 764,1951 764,1950 765,1950 765,1948"/>
	<TextEquiv conf="0.91332">
	<Unicode>(Ausgabe</Unicode></TextEquiv></Word>
	<Word id="w40">
	<Coords points="934,1949 934,1951 935,1951 935,1953 936,1953 936,1956 937,1956 937,1959 938,1959 938,1962 939,1962 939,1965 940,1965 940,1968 941,1968 941,1969 942,1969 942,1970 943,1970 943,1973 939,1973 939,1974 923,1974 923,1973 922,1973 922,1969 923,1969 923,1967 924,1967 924,1964 925,1964 925,1961 926,1961 926,1958 927,1958 927,1956 928,1956 928,1952 929,1952 929,1949"/>
	<TextEquiv conf="0.90980">
	<Unicode>A</Unicode></TextEquiv></Word>
	<Word id="w199">
	<Coords points="1018,1948 1018,1950 1019,1950 1019,1951 1020,1951 1020,1952 1022,1952 1022,1953 1023,1953 1023,1954 1025,1954 1025,1955 1026,1955 1026,1956 1027,1956 1027,1958 1028,1958 1028,1962 1029,1962 1029,1965 1028,1965 1028,1969 1027,1969 1027,1970 1026,1970 1026,1971 1025,1971 1025,1972 1024,1972 1024,1973 967,1973 967,1972 965,1972 965,1971 964,1971 964,1955 980,1955 980,1954 990,1954 990,1948"/>
	<TextEquiv conf="0.96032">
	<Unicode>wird</Unicode></TextEquiv></Word>
	<Word id="w42">
	<Coords points="1107,1956 1107,1960 1105,1960 1105,1972 1104,1972 1104,1973 1081,1973 1081,1974 1059,1974 1059,1973 1058,1973 1058,1960 1057,1960 1057,1956"/>
	<TextEquiv conf="0.95604">
	<Unicode>nur</Unicode></TextEquiv></Word>
	<Word id="w201">
	<Coords points="1138,1948 1138,1955 1156,1955 1156,1956 1158,1956 1158,1969 1159,1969 1159,1970 1160,1970 1160,1972 1158,1972 1158,1973 1135,1973 1135,1972 1134,1972 1134,1971 1133,1971 1133,1960 1132,1960 1132,1956 1133,1956 1133,1955 1134,1955 1134,1948"/>
	<TextEquiv conf="0.90150">
	<Unicode>in</Unicode></TextEquiv></Word>
	<Word id="w44">
	<Coords points="1256,1948 1256,1955 1259,1955 1259,1956 1260,1956 1260,1957 1261,1957 1261,1958 1262,1958 1262,1960 1275,1960 1275,1968 1274,1968 1274,1969 1261,1969 1261,1970 1260,1970 1260,1971 1259,1971 1259,1972 1257,1972 1257,1973 1255,1973 1255,1974 1211,1974 1211,1975 1210,1975 1210,1976 1209,1976 1209,1977 1208,1977 1208,1978 1207,1978 1207,1979 1205,1979 1205,1980 1197,1980 1197,1979 1195,1979 1195,1974 1191,1974 1191,1973 1190,1973 1190,1968 1191,1968 1191,1957 1192,1957 1192,1953 1193,1953 1193,1952 1194,1952 1194,1951 1195,1951 1195,1950 1196,1950 1196,1949 1197,1949 1197,1948"/>
	<TextEquiv conf="0.90150">
	<Unicode>Halb⸗</Unicode></TextEquiv></Word>
	<TextEquiv conf="0.93591">
	<Unicode>Dieſelbe gebunden in Ganzleinen (Ausgabe A wird nur in Halb⸗</Unicode></TextEquiv></TextLine>
	<TextLine id="l46">
	<Coords points="1280,1992 1280,1993 1380,1993 1380,1994 1456,1994 1456,1995 1457,1995 1457,1996 1458,1996 1458,1997 1459,1997 1459,1999 1460,1999 1460,2013 1469,2013 1469,2014 1470,2014 1470,2019 1468,2019 1468,2020 1422,2020 1422,2021 1421,2021 1421,2023 1420,2023 1420,2024 1419,2024 1419,2025 1417,2025 1417,2024 1416,2024 1416,2022 1415,2022 1415,2019 1348,2019 1348,2018 1214,2018 1214,2020 1213,2020 1213,2022 1212,2022 1212,2023 1210,2023 1210,2024 1205,2024 1205,2023 1203,2023 1203,2018 643,2018 643,2019 566,2019 566,2022 565,2022 565,2023 564,2023 564,2025 563,2025 563,2026 562,2026 562,2028 559,2028 559,2026 481,2026 481,2025 446,2025 446,2024 445,2024 445,2023 444,2023 444,2019 392,2019 392,2018 282,2018 282,2017 281,2017 281,1994 282,1994 282,1993 312,1993 312,2000 506,2000 506,1994 511,1994 511,1993 562,1993 562,1995 563,1995 563,1996 564,1996 564,1998 565,1998 565,1999 566,1999 566,2002 567,2002 567,2006 568,2006 568,2014 686,2014 686,2013 1203,2013 1203,2001 1204,2001 1204,2000 1206,2000 1206,1999 1217,1999 1217,1992"/>
	<Word id="w203">
	<Coords points="312,1993 312,2000 363,2000 363,2001 365,2001 365,2002 366,2002 366,2015 367,2015 367,2017 366,2017 366,2018 282,2018 282,2017 281,2017 281,1994 282,1994 282,1993"/>
	<TextEquiv conf="0.87430">
	<Unicode>leinen</Unicode></TextEquiv></Word>
	<Word id="w48">
	<Coords points="562,1993 562,1995 563,1995 563,1996 564,1996 564,1998 565,1998 565,1999 566,1999 566,2002 567,2002 567,2006 568,2006 568,2016 567,2016 567,2019 566,2019 566,2022 565,2022 565,2023 564,2023 564,2025 563,2025 563,2026 562,2026 562,2028 559,2028 559,2026 481,2026 481,2025 446,2025 446,2024 445,2024 445,2023 444,2023 444,2019 392,2019 392,2018 391,2018 391,2017 390,2017 390,2015 389,2015 389,2004 390,2004 390,2003 392,2003 392,2002 393,2002 393,2001 394,2001 394,2000 506,2000 506,1994 511,1994 511,1993"/>
	<TextEquiv conf="0.01723">
	<Unicode>ausgegeben)</Unicode></TextEquiv></Word>
	<Word id="w207">
	<Coords points="1251,1992 1251,1999 1273,1999 1273,2000 1276,2000 1276,2001 1279,2001 1279,2014 1280,2014 1280,2016 1279,2016 1279,2017 1278,2017 1278,2018 1214,2018 1214,2020 1213,2020 1213,2022 1212,2022 1212,2023 1210,2023 1210,2024 1205,2024 1205,2023 1203,2023 1203,2001 1204,2001 1204,2000 1206,2000 1206,1999 1217,1999 1217,1992"/>
	<TextEquiv conf="0.76039">
	<Unicode>zirka</Unicode></TextEquiv></Word>
	<Word id="w52">
	<Coords points="1364,1993 1364,1999 1367,1999 1367,2000 1368,2000 1368,2001 1369,2001 1369,2003 1370,2003 1370,2013 1379,2013 1379,2014 1380,2014 1380,2017 1379,2017 1379,2018 1350,2018 1350,2019 1348,2019 1348,2018 1323,2018 1323,2017 1321,2017 1321,2007 1320,2007 1320,2004 1319,2004 1319,1994 1320,1994 1320,1993"/>
	<TextEquiv conf="0.94097">
	<Unicode>Mk.</Unicode></TextEquiv></Word>
	<Word id="w209">
	<Coords points="1456,1994 1456,1995 1457,1995 1457,1996 1458,1996 1458,1997 1459,1997 1459,1999 1460,1999 1460,2013 1469,2013 1469,2014 1470,2014 1470,2019 1468,2019 1468,2020 1422,2020 1422,2021 1421,2021 1421,2023 1420,2023 1420,2024 1419,2024 1419,2025 1417,2025 1417,2024 1416,2024 1416,2022 1415,2022 1415,2019 1401,2019 1401,1997 1402,1997 1402,1996 1404,1996 1404,1995 1405,1995 1405,1994"/>
	<TextEquiv conf="0.73638">
	<Unicode>1,20.</Unicode></TextEquiv></Word>
	<Word id="w530">
	<Coords points="598,2015 599,2015 599,2016 600,2016 600,2017 599,2017 599,2018 598,2018 598,2017 597,2017 597,2016 596,2016 597,2016 597,2015 598,2015 598,2014"/>
	<TextEquiv conf="0.01723">
	<Unicode>.</Unicode></TextEquiv></Word>
	<Word id="w531">
	<Coords points="642,2015 644,2015 644,2017 642,2017 642,2018 642,2017 641,2017 641,2016 640,2016 641,2016 641,2015 642,2015 642,2014"/>
	<TextEquiv conf="0.01723">
	<Unicode>.</Unicode></TextEquiv></Word>
	<Word id="w532">
	<Coords points="688,2014 688,2015 689,2015 689,2017 686,2017 686,2015 687,2015 687,2014"/>
	<TextEquiv conf="0.00000">
	<Unicode>.</Unicode></TextEquiv></Word>
	<Word id="w535">
	<Coords points="734,2014 734,2015 735,2015 735,2016 734,2016 734,2017 732,2017 732,2016 731,2016 731,2015 732,2015 732,2014"/>
	<TextEquiv conf="0.00000">
	<Unicode>.</Unicode></TextEquiv></Word>
	<Word id="w537">
	<Coords points="779,2014 779,2015 780,2015 780,2016 779,2016 779,2017 776,2017 776,2015 777,2015 777,2014"/>
	<TextEquiv conf="0.00000">
	<Unicode>.</Unicode></TextEquiv></Word>
	<Word id="w553">
	<Coords points="824,2014 824,2015 825,2015 825,2016 824,2016 824,2017 822,2017 822,2016 821,2016 821,2015 822,2015 822,2014"/>
	<TextEquiv conf="0.00000">
	<Unicode>.</Unicode></TextEquiv></Word>
	<Word id="w554">
	<Coords points="869,2013 869,2014 870,2014 870,2016 869,2016 869,2017 868,2017 868,2016 867,2016 867,2015 866,2015 867,2015 867,2014 868,2014 868,2013"/>
	<TextEquiv conf="0.00000">
	<Unicode>.</Unicode></TextEquiv></Word>
	<Word id="w557">
	<Coords points="914,2014 914,2016 913,2016 913,2017 912,2017 912,2016 911,2016 911,2014"/>
	<TextEquiv conf="0.00000">
	<Unicode>.</Unicode></TextEquiv></Word>
	<Word id="w558">
	<Coords points="957,2014 958,2014 958,2016 957,2016 957,2017 956,2017 956,2016 955,2016 955,2014 957,2014 957,2013"/>
	<TextEquiv conf="0.00000">
	<Unicode>.</Unicode></TextEquiv></Word>
	<Word id="w560">
	<Coords points="1001,2013 1001,2014 1002,2014 1002,2016 1001,2016 1001,2017 1001,2016 999,2016 999,2013"/>
	<TextEquiv conf="0.00000">
	<Unicode>.</Unicode></TextEquiv></Word>
	<Word id="w562">
	<Coords points="1046,2013 1046,2016 1045,2016 1045,2017 1044,2017 1044,2016 1043,2016 1043,2014 1044,2014 1044,2013"/>
	<TextEquiv conf="0.00000">
	<Unicode>.</Unicode></TextEquiv></Word>
	<Word id="w564">
	<Coords points="1089,2013 1089,2014 1090,2014 1090,2016 1089,2016 1089,2017 1088,2017 1088,2016 1087,2016 1087,2013"/>
	<TextEquiv conf="0.00000">
	<Unicode>.</Unicode></TextEquiv></Word>
	<Word id="w566">
	<Coords points="1134,2013 1134,2014 1135,2014 1135,2016 1134,2016 1134,2017 1133,2017 1133,2016 1132,2016 1132,2014 1133,2014 1133,2013"/>
	<TextEquiv conf="0.00000">
	<Unicode>.</Unicode></TextEquiv></Word>
	<Word id="w567">
	<Coords points="1180,2013 1180,2016 1177,2016 1177,2014 1178,2014 1178,2013"/>
	<TextEquiv conf="0.00000">
	<Unicode>.</Unicode></TextEquiv></Word>
	<TextEquiv conf="0.47734">
	<Unicode>leinen ausgegeben) . . . . . . . . . . . . . . zirka Mk. 1,20.</Unicode></TextEquiv></TextLine>
	<TextEquiv>
	<Unicode>Preiſe: Ausgabe A (in Schwarzdruck) geb. . . . . . . . . . . . . Mk. 0,80.
Ausgabe B (die erſten 32 Seiten bunt, ferner 8 farbige Tafeln, die
übrigen Bilder in Farbentönung) geb. . . . . . . .  zirka Mk. 1,00.
Dieſelbe gebunden in Ganzleinen (Ausgabe A wird nur in Halb⸗
leinen ausgegeben) . . . . . . . . . . . . . . zirka Mk. 1,20.</Unicode></TextEquiv></TextRegion>
	<TextRegion id="r17" type="paragraph">
	<Coords points="1187,2061 1187,2062 1188,2062 1188,2063 1199,2063 1199,2069 1219,2069 1219,2070 1257,2070 1257,2071 1259,2071 1259,2072 1260,2072 1260,2083 1269,2083 1269,2084 1270,2084 1270,2088 1269,2088 1269,2090 1268,2090 1268,2093 1257,2093 1257,2094 1256,2094 1256,2095 1248,2095 1248,2094 1247,2094 1247,2093 1246,2093 1246,2089 1196,2089 1196,2088 1076,2088 1076,2089 1009,2089 1009,2131 1008,2131 1008,2132 1007,2132 1007,2133 905,2133 905,2135 904,2135 904,2140 788,2140 788,2141 786,2141 786,2138 785,2138 785,2134 768,2134 768,2133 666,2133 666,2134 622,2134 622,2135 621,2135 621,2136 620,2136 620,2138 619,2138 619,2139 618,2139 618,2140 617,2140 617,2141 592,2141 592,2134 582,2134 582,2133 566,2133 566,2132 564,2132 564,2130 563,2130 563,2128 562,2128 562,2096 461,2096 461,2095 372,2095 372,2094 371,2094 371,2089 313,2089 313,2088 311,2088 311,2087 310,2087 310,2086 309,2086 309,2085 308,2085 308,2072 307,2072 307,2071 306,2071 306,2066 307,2066 307,2065 308,2065 308,2064 309,2064 309,2063 415,2063 415,2062 417,2062 417,2063 563,2063 563,2064 732,2064 732,2063 884,2063 884,2062 889,2062 889,2063 1012,2063 1012,2062 1184,2062 1184,2061"/>
	<TextLine id="l211">
	<Coords points="1188,2062 1188,2063 1199,2063 1199,2069 1219,2069 1219,2070 1257,2070 1257,2071 1259,2071 1259,2072 1260,2072 1260,2083 1269,2083 1269,2084 1270,2084 1270,2088 1269,2088 1269,2090 1268,2090 1268,2093 1257,2093 1257,2094 1256,2094 1256,2095 1248,2095 1248,2094 1247,2094 1247,2093 1246,2093 1246,2089 1196,2089 1196,2088 1076,2088 1076,2089 916,2089 916,2091 915,2091 915,2092 914,2092 914,2093 913,2093 913,2094 888,2094 888,2095 885,2095 885,2091 884,2091 884,2090 664,2090 664,2091 661,2091 661,2090 464,2090 464,2096 461,2096 461,2095 372,2095 372,2094 371,2094 371,2089 313,2089 313,2088 311,2088 311,2087 310,2087 310,2086 309,2086 309,2085 308,2085 308,2072 307,2072 307,2065 308,2065 308,2064 309,2064 309,2063 438,2063 438,2064 628,2064 628,2065 730,2065 730,2064 732,2064 732,2063 1058,2063 1058,2062"/>
	<Word id="w213">
	<Coords points="417,2063 417,2070 436,2070 436,2072 437,2072 437,2074 438,2074 438,2087 436,2087 436,2088 417,2088 417,2089 386,2089 386,2091 385,2091 385,2092 384,2092 384,2094 382,2094 382,2095 372,2095 372,2094 371,2094 371,2089 313,2089 313,2088 311,2088 311,2087 310,2087 310,2086 309,2086 309,2085 308,2085 308,2072 307,2072 307,2065 308,2065 308,2064 309,2064 309,2063"/>
	<TextEquiv conf="0.91780">
	<Unicode>Ausgabe</Unicode></TextEquiv></Word>
	<Word id="w215">
	<Coords points="481,2064 481,2065 482,2065 482,2070 491,2070 491,2071 498,2071 498,2072 499,2072 499,2073 500,2073 500,2075 499,2075 499,2076 497,2076 497,2088 495,2088 495,2089 464,2089 464,2096 461,2096 461,2092 460,2092 460,2075 458,2075 458,2065 459,2065 459,2064"/>
	<TextEquiv conf="0.95874">
	<Unicode>für</Unicode></TextEquiv></Word>
	<Word id="w217">
	<Coords points="618,2064 618,2075 627,2075 627,2076 628,2076 628,2086 626,2086 626,2087 618,2087 618,2089 616,2089 616,2090 522,2090 522,2089 521,2089 521,2088 519,2088 519,2066 520,2066 520,2065 521,2065 521,2064"/>
	<TextEquiv conf="0.16745">
	<Unicode>Mittel⸗</Unicode></TextEquiv></Word>
	<Word id="w219">
	<Coords points="696,2065 696,2066 697,2066 697,2067 699,2067 699,2068 701,2068 701,2069 703,2069 703,2070 704,2070 704,2071 705,2071 705,2072 706,2072 706,2074 707,2074 707,2079 708,2079 708,2081 707,2081 707,2085 706,2085 706,2087 704,2087 704,2088 703,2088 703,2089 701,2089 701,2090 664,2090 664,2091 661,2091 661,2090 651,2090 651,2089 649,2089 649,2070 650,2070 650,2069 691,2069 691,2067 692,2067 692,2065"/>
	<TextEquiv conf="0.96486">
	<Unicode>und</Unicode></TextEquiv></Word>
	<Word id="w221">
	<Coords points="979,2063 979,2065 980,2065 980,2066 982,2066 982,2067 984,2067 984,2068 985,2068 985,2069 987,2069 987,2070 988,2070 988,2072 989,2072 989,2074 990,2074 990,2083 989,2083 989,2085 988,2085 988,2086 987,2086 987,2087 985,2087 985,2088 984,2088 984,2089 916,2089 916,2091 915,2091 915,2092 914,2092 914,2093 913,2093 913,2094 888,2094 888,2095 885,2095 885,2091 884,2091 884,2090 733,2090 733,2089 732,2089 732,2088 730,2088 730,2064 732,2064 732,2063"/>
	<TextEquiv conf="0.17671">
	<Unicode>Norddeutſchland</Unicode></TextEquiv></Word>
	<Word id="w223">
	<Coords points="1017,2063 1017,2070 1034,2070 1034,2071 1035,2071 1035,2072 1036,2072 1036,2084 1037,2084 1037,2087 1036,2087 1036,2088 1013,2088 1013,2087 1012,2087 1012,2085 1011,2085 1011,2071 1012,2071 1012,2063"/>
	<TextEquiv conf="0.95021">
	<Unicode>in</Unicode></TextEquiv></Word>
	<Word id="w225">
	<Coords points="1188,2062 1188,2063 1199,2063 1199,2069 1219,2069 1219,2070 1257,2070 1257,2071 1259,2071 1259,2072 1260,2072 1260,2083 1269,2083 1269,2084 1270,2084 1270,2088 1269,2088 1269,2090 1268,2090 1268,2093 1257,2093 1257,2094 1256,2094 1256,2095 1248,2095 1248,2094 1247,2094 1247,2093 1246,2093 1246,2089 1196,2089 1196,2088 1076,2088 1076,2089 1069,2089 1069,2088 1067,2088 1067,2087 1066,2087 1066,2086 1060,2086 1060,2073 1059,2073 1059,2072 1058,2072 1058,2065 1059,2065 1059,2064 1060,2064 1060,2063 1073,2063 1073,2062"/>
	<TextEquiv conf="0.74394">
	<Unicode>Vorbereitung,</Unicode></TextEquiv></Word>
	<TextEquiv conf="0.69710">
	<Unicode>Ausgabe für Mittel⸗ und Norddeutſchland in Vorbereitung,</Unicode></TextEquiv></TextLine>
	<TextLine id="l227">
	<Coords points="918,2107 918,2108 997,2108 997,2109 998,2109 998,2110 999,2110 999,2111 1000,2111 1000,2113 1001,2113 1001,2127 1008,2127 1008,2128 1009,2128 1009,2131 1008,2131 1008,2132 1007,2132 1007,2133 905,2133 905,2135 904,2135 904,2140 788,2140 788,2141 786,2141 786,2138 785,2138 785,2134 768,2134 768,2133 666,2133 666,2134 622,2134 622,2135 621,2135 621,2136 620,2136 620,2138 619,2138 619,2139 618,2139 618,2140 617,2140 617,2141 592,2141 592,2134 582,2134 582,2133 566,2133 566,2132 564,2132 564,2130 563,2130 563,2118 564,2118 564,2117 565,2117 565,2116 567,2116 567,2115 590,2115 590,2108 759,2108 759,2107"/>
	<Word id="w229">
	<Coords points="647,2108 647,2109 677,2109 677,2110 678,2110 678,2116 681,2116 681,2129 682,2129 682,2131 680,2131 680,2132 679,2132 679,2133 666,2133 666,2134 622,2134 622,2135 621,2135 621,2136 620,2136 620,2138 619,2138 619,2139 618,2139 618,2140 617,2140 617,2141 592,2141 592,2134 582,2134 582,2133 566,2133 566,2132 564,2132 564,2130 563,2130 563,2118 564,2118 564,2117 565,2117 565,2116 567,2116 567,2115 590,2115 590,2108"/>
	<TextEquiv conf="0.88437">
	<Unicode>erſcheint</Unicode></TextEquiv></Word>
	<Word id="w231">
	<Coords points="708,2108 708,2114 734,2114 734,2115 735,2115 735,2116 736,2116 736,2129 737,2129 737,2132 736,2132 736,2133 704,2133 704,2132 703,2132 703,2127 702,2127 702,2119 701,2119 701,2117 702,2117 702,2108"/>
	<TextEquiv conf="0.96679">
	<Unicode>im</Unicode></TextEquiv></Word>
	<Word id="w233">
	<Coords points="908,2107 908,2108 914,2108 914,2115 917,2115 917,2116 918,2116 918,2118 917,2118 917,2131 916,2131 916,2132 915,2132 915,2133 905,2133 905,2135 904,2135 904,2140 788,2140 788,2141 786,2141 786,2138 785,2138 785,2134 768,2134 768,2133 766,2133 766,2132 759,2132 759,2112 760,2112 760,2111 761,2111 761,2110 762,2110 762,2109 764,2109 764,2108 766,2108 766,2107"/>
	<TextEquiv conf="0.95210">
	<Unicode>Spätherbſt</Unicode></TextEquiv></Word>
	<Word id="w235">
	<Coords points="997,2108 997,2109 998,2109 998,2110 999,2110 999,2111 1000,2111 1000,2113 1001,2113 1001,2127 1008,2127 1008,2128 1009,2128 1009,2131 1008,2131 1008,2132 1007,2132 1007,2133 935,2133 935,2111 936,2111 936,2110 938,2110 938,2109 939,2109 939,2108"/>
	<TextEquiv conf="0.96328">
	<Unicode>1910.</Unicode></TextEquiv></Word>
	<TextEquiv conf="0.94164">
	<Unicode>erſcheint im Spätherbſt 1910.</Unicode></TextEquiv></TextLine>
	<TextEquiv>
	<Unicode>Ausgabe für Mittel⸗ und Norddeutſchland in Vorbereitung,
erſcheint im Spätherbſt 1910.</Unicode></TextEquiv></TextRegion>
	<TextRegion id="r18" type="paragraph">
	<Coords points="1173,2178 1173,2179 1345,2179 1345,2180 1459,2180 1459,2184 1460,2184 1460,2185 1486,2185 1486,2186 1487,2186 1487,2190 1491,2190 1491,2207 1504,2207 1504,2211 1503,2211 1503,2214 1502,2214 1502,2216 1501,2216 1501,2218 1500,2218 1500,2219 1498,2219 1498,2218 1389,2218 1389,2220 1388,2220 1388,2221 1387,2221 1387,2222 1384,2222 1384,2213 1218,2213 1218,2212 1105,2212 1105,2225 1104,2225 1104,2226 1103,2226 1103,2227 973,2227 973,2226 972,2226 972,2221 904,2221 904,2219 903,2219 903,2213 793,2213 793,2265 791,2265 791,2266 763,2266 763,2271 762,2271 762,2275 514,2275 514,2274 513,2274 513,2273 512,2273 512,2271 511,2271 511,2266 385,2266 385,2268 384,2268 384,2270 383,2270 383,2272 382,2272 382,2273 379,2273 379,2266 230,2266 230,2267 229,2267 229,2269 228,2269 228,2271 227,2271 227,2273 226,2273 226,2274 222,2274 222,2272 139,2272 139,2270 138,2270 138,2264 78,2264 78,2263 75,2263 75,2262 74,2262 74,2261 73,2261 73,2260 71,2260 71,2259 70,2259 70,2257 69,2257 69,2256 68,2256 68,2253 67,2253 67,2241 68,2241 68,2239 69,2239 69,2237 70,2237 70,2236 71,2236 71,2235 72,2235 72,2234 73,2234 73,2233 84,2233 84,2232 85,2232 85,2231 169,2231 169,2183 170,2183 170,2182 171,2182 171,2180 173,2180 173,2179 311,2179 311,2180 312,2180 312,2187 448,2187 448,2181 453,2181 453,2180 458,2180 458,2179 461,2179 461,2188 569,2188 569,2182 570,2182 570,2181 571,2181 571,2180 662,2180 662,2179 1169,2179 1169,2178"/>
	<TextLine id="l237">
	<Coords points="1177,2179 1177,2180 1459,2180 1459,2184 1460,2184 1460,2185 1486,2185 1486,2186 1487,2186 1487,2190 1491,2190 1491,2207 1504,2207 1504,2211 1503,2211 1503,2214 1502,2214 1502,2216 1501,2216 1501,2218 1500,2218 1500,2219 1498,2219 1498,2218 1389,2218 1389,2220 1388,2220 1388,2221 1387,2221 1387,2222 1384,2222 1384,2213 1218,2213 1218,2212 1091,2212 1091,2213 1062,2213 1062,2214 1059,2214 1059,2213 908,2213 908,2216 907,2216 907,2221 904,2221 904,2219 903,2219 903,2213 784,2213 784,2215 783,2215 783,2217 782,2217 782,2218 780,2218 780,2219 779,2219 779,2220 776,2220 776,2221 694,2221 694,2222 691,2222 691,2213 576,2213 576,2216 575,2216 575,2221 409,2221 409,2220 407,2220 407,2219 307,2219 307,2220 306,2220 306,2221 303,2221 303,2220 302,2220 302,2214 286,2214 286,2213 179,2213 179,2212 178,2212 178,2211 177,2211 177,2210 175,2210 175,2209 174,2209 174,2208 172,2208 172,2193 171,2193 171,2191 170,2191 170,2182 171,2182 171,2180 312,2180 312,2187 448,2187 448,2181 453,2181 453,2180 461,2180 461,2188 569,2188 569,2182 570,2182 570,2181 571,2181 571,2180 1127,2180 1127,2179"/>
	<Word id="w239">
	<Coords points="171,2180 312,2180 312,2187 448,2187 448,2181 453,2181 453,2180 461,2180 461,2188 542,2188 542,2189 543,2189 543,2190 544,2190 544,2191 545,2191 545,2195 543,2195 543,2196 542,2196 542,2197 541,2197 541,2210 540,2210 540,2211 538,2211 538,2212 537,2212 537,2213 518,2213 518,2214 505,2214 505,2216 504,2216 504,2218 503,2218 503,2219 502,2219 502,2220 500,2220 500,2221 409,2221 409,2220 407,2220 407,2219 307,2219 307,2220 306,2220 306,2221 303,2221 303,2220 302,2220 302,2214 286,2214 286,2213 179,2213 179,2212 178,2212 178,2211 177,2211 177,2210 175,2210 175,2209 174,2209 174,2208 172,2208 172,2193 171,2193 171,2191 170,2191 170,2182 171,2182"/>
	<TextEquiv conf="0.41929">
	<Unicode>Auslieferungslager</Unicode></TextEquiv></Word>
	<Word id="w243">
	<Coords points="693,2180 693,2189 735,2189 735,2190 736,2190 736,2191 737,2191 737,2196 734,2196 734,2210 733,2210 733,2211 731,2211 731,2212 713,2212 713,2213 699,2213 699,2215 698,2215 698,2217 697,2217 697,2219 696,2219 696,2220 695,2220 695,2221 694,2221 694,2222 691,2222 691,2213 576,2213 576,2216 575,2216 575,2221 572,2221 572,2214 571,2214 571,2196 570,2196 570,2181 571,2181 571,2180"/>
	<TextEquiv conf="0.29480">
	<Unicode>ſämtlicher</Unicode></TextEquiv></Word>
	<Word id="w245">
	<Coords points="854,2180 854,2190 872,2190 872,2191 874,2191 874,2208 876,2208 876,2210 875,2210 875,2211 874,2211 874,2212 814,2212 814,2213 784,2213 784,2215 783,2215 783,2217 782,2217 782,2218 780,2218 780,2219 779,2219 779,2220 776,2220 776,2221 771,2221 771,2220 767,2220 767,2219 766,2219 766,2218 765,2218 765,2217 763,2217 763,2215 762,2215 762,2191 761,2191 761,2183 762,2183 762,2182 763,2182 763,2181 766,2181 766,2180"/>
	<TextEquiv conf="0.67754">
	<Unicode>Fibeln</Unicode></TextEquiv></Word>
	<Word id="w247">
	<Coords points="912,2180 912,2181 928,2181 928,2182 929,2182 929,2189 949,2189 949,2190 950,2190 950,2191 951,2191 951,2195 950,2195 950,2196 948,2196 948,2210 947,2210 947,2211 946,2211 946,2212 944,2212 944,2213 908,2213 908,2216 907,2216 907,2221 904,2221 904,2219 903,2219 903,2199 902,2199 902,2193 900,2193 900,2189 901,2189 901,2183 902,2183 902,2181 903,2181 903,2180"/>
	<TextEquiv conf="0.96168">
	<Unicode>für</Unicode></TextEquiv></Word>
	<Word id="w249">
	<Coords points="1036,2180 1036,2182 1037,2182 1037,2183 1038,2183 1038,2184 1040,2184 1040,2185 1041,2185 1041,2186 1044,2186 1044,2187 1089,2187 1089,2188 1091,2188 1091,2189 1092,2189 1092,2190 1093,2190 1093,2191 1094,2191 1094,2207 1095,2207 1095,2210 1094,2210 1094,2211 1092,2211 1092,2212 1091,2212 1091,2213 1062,2213 1062,2214 1059,2214 1059,2213 985,2213 985,2212 983,2212 983,2211 982,2211 982,2210 980,2210 980,2209 974,2209 974,2182 975,2182 975,2181 976,2181 976,2180"/>
	<TextEquiv conf="0.96260">
	<Unicode>Baden</Unicode></TextEquiv>
	<TextStyle underlined="true"/></Word>
	<Word id="w251">
	<Coords points="1174,2179 1174,2190 1175,2190 1175,2207 1176,2207 1176,2208 1177,2208 1177,2210 1176,2210 1176,2211 1174,2211 1174,2212 1133,2212 1133,2211 1131,2211 1131,2210 1129,2210 1129,2209 1127,2209 1127,2181 1130,2181 1130,2180 1133,2180 1133,2179"/>
	<TextEquiv conf="0.93712">
	<Unicode>bei</Unicode></TextEquiv></Word>
	<Word id="w253">
	<Coords points="1234,2180 1234,2205 1243,2205 1243,2206 1244,2206 1244,2212 1221,2212 1221,2213 1218,2213 1218,2212 1213,2212 1213,2211 1211,2211 1211,2210 1210,2210 1210,2209 1209,2209 1209,2183 1210,2183 1210,2182 1211,2182 1211,2181 1212,2181 1212,2180"/>
	<TextEquiv conf="0.89598">
	<Unicode>J.</Unicode></TextEquiv></Word>
	<Word id="w255">
	<Coords points="1291,2180 1291,2181 1293,2181 1293,2182 1294,2182 1294,2184 1295,2184 1295,2185 1296,2185 1296,2197 1297,2197 1297,2206 1308,2206 1308,2211 1307,2211 1307,2212 1286,2212 1286,2213 1283,2213 1283,2212 1279,2212 1279,2211 1277,2211 1277,2210 1274,2210 1274,2209 1269,2209 1269,2208 1268,2208 1268,2190 1267,2190 1267,2189 1266,2189 1266,2184 1267,2184 1267,2182 1270,2182 1270,2180"/>
	<TextEquiv conf="0.79731">
	<Unicode>B.</Unicode></TextEquiv></Word>
	<Word id="w257">
	<Coords points="1459,2180 1459,2184 1460,2184 1460,2185 1486,2185 1486,2186 1487,2186 1487,2190 1491,2190 1491,2207 1504,2207 1504,2211 1503,2211 1503,2214 1502,2214 1502,2216 1501,2216 1501,2218 1500,2218 1500,2219 1498,2219 1498,2218 1389,2218 1389,2220 1388,2220 1388,2221 1387,2221 1387,2222 1384,2222 1384,2213 1380,2213 1380,2212 1342,2212 1342,2211 1340,2211 1340,2210 1333,2210 1333,2186 1334,2186 1334,2184 1335,2184 1335,2183 1338,2183 1338,2182 1339,2182 1339,2181 1341,2181 1341,2180"/>
	<TextEquiv conf="0.87475">
	<Unicode>Schmidt,</Unicode></TextEquiv></Word>
	<TextEquiv conf="0.72404">
	<Unicode>Auslieferungslager ſämtlicher Fibeln für Baden bei J. B. Schmidt,</Unicode></TextEquiv></TextLine>
	<TextLine id="l12">
	<Coords points="386,2232 386,2233 643,2233 643,2234 644,2234 644,2242 746,2242 746,2233 766,2233 766,2242 779,2242 779,2243 780,2243 780,2244 781,2244 781,2247 782,2247 782,2249 783,2249 783,2259 792,2259 792,2260 793,2260 793,2265 791,2265 791,2266 763,2266 763,2271 762,2271 762,2275 514,2275 514,2274 513,2274 513,2273 512,2273 512,2271 511,2271 511,2266 385,2266 385,2268 384,2268 384,2270 383,2270 383,2272 382,2272 382,2273 379,2273 379,2266 230,2266 230,2267 229,2267 229,2269 228,2269 228,2271 227,2271 227,2273 226,2273 226,2274 222,2274 222,2272 139,2272 139,2270 138,2270 138,2264 78,2264 78,2263 75,2263 75,2262 74,2262 74,2261 73,2261 73,2260 71,2260 71,2259 70,2259 70,2257 69,2257 69,2256 68,2256 68,2239 69,2239 69,2237 70,2237 70,2236 71,2236 71,2235 72,2235 72,2234 73,2234 73,2233 84,2233 84,2232"/>
	<Word id="w259">
	<Coords points="373,2232 373,2233 374,2233 374,2244 375,2244 375,2259 386,2259 386,2265 385,2265 385,2268 384,2268 384,2270 383,2270 383,2272 382,2272 382,2273 379,2273 379,2266 230,2266 230,2267 229,2267 229,2269 228,2269 228,2271 227,2271 227,2273 226,2273 226,2274 222,2274 222,2272 139,2272 139,2270 138,2270 138,2264 78,2264 78,2263 75,2263 75,2262 74,2262 74,2261 73,2261 73,2260 71,2260 71,2259 70,2259 70,2257 69,2257 69,2256 68,2256 68,2239 69,2239 69,2237 70,2237 70,2236 71,2236 71,2235 72,2235 72,2234 73,2234 73,2233 84,2233 84,2232"/>
	<TextEquiv conf="0.90400">
	<Unicode>Großbuchbinderei,</Unicode></TextEquiv></Word>
	<Word id="w261">
	<Coords points="485,2233 485,2234 486,2234 486,2242 520,2242 520,2243 521,2243 521,2244 523,2244 523,2246 524,2246 524,2257 525,2257 525,2259 535,2259 535,2266 534,2266 534,2269 533,2269 533,2271 532,2271 532,2273 522,2273 522,2274 521,2274 521,2275 514,2275 514,2274 513,2274 513,2273 512,2273 512,2271 511,2271 511,2266 431,2266 431,2265 418,2265 418,2264 414,2264 414,2244 413,2244 413,2235 414,2235 414,2234 415,2234 415,2233"/>
	<TextEquiv conf="0.93302">
	<Unicode>Mainz,</Unicode></TextEquiv></Word>
	<Word id="w263">
	<Coords points="643,2233 643,2234 644,2234 644,2242 746,2242 746,2233 766,2233 766,2242 779,2242 779,2243 780,2243 780,2244 781,2244 781,2247 782,2247 782,2249 783,2249 783,2259 792,2259 792,2260 793,2260 793,2265 791,2265 791,2266 763,2266 763,2271 762,2271 762,2275 572,2275 572,2270 571,2270 571,2264 564,2264 564,2252 563,2252 563,2247 562,2247 562,2245 561,2245 561,2236 562,2236 562,2235 563,2235 563,2234 565,2234 565,2233"/>
	<TextEquiv conf="0.82370">
	<Unicode>Präſenzgaſſe.</Unicode></TextEquiv></Word>
	<TextEquiv conf="0.88690">
	<Unicode>Großbuchbinderei, Mainz, Präſenzgaſſe.</Unicode></TextEquiv></TextLine>
	<TextEquiv>
	<Unicode>Auslieferungslager ſämtlicher Fibeln für Baden bei J. B. Schmidt,
Großbuchbinderei, Mainz, Präſenzgaſſe.</Unicode></TextEquiv></TextRegion>
	<TextRegion id="r19" type="paragraph">
	<Coords points="201,2302 201,2303 313,2303 313,2311 437,2311 437,2310 450,2310 450,2304 456,2304 456,2303 460,2303 460,2302 463,2302 463,2303 464,2303 464,2310 476,2310 476,2311 580,2311 580,2305 581,2305 581,2304 584,2304 584,2303 853,2303 853,2302 855,2302 855,2303 856,2303 856,2304 939,2304 939,2305 1039,2305 1039,2304 1040,2304 1040,2303 1042,2303 1042,2302 1291,2302 1291,2303 1423,2303 1423,2304 1491,2304 1491,2305 1495,2305 1495,2329 1503,2329 1503,2330 1504,2330 1504,2331 1505,2331 1505,2334 1504,2334 1504,2336 1423,2336 1423,2337 1421,2337 1421,2336 1139,2336 1139,2338 1138,2338 1138,2340 1137,2340 1137,2341 1136,2341 1136,2342 1134,2342 1134,2343 1132,2343 1132,2344 1125,2344 1125,2343 1123,2343 1123,2342 1122,2342 1122,2341 1119,2341 1119,2339 1118,2339 1118,2338 1117,2338 1117,2336 907,2336 907,2373 860,2373 860,2388 858,2388 858,2389 779,2389 779,2392 778,2392 778,2398 775,2398 775,2391 639,2391 639,2394 638,2394 638,2396 637,2396 637,2397 635,2397 635,2390 476,2390 476,2391 475,2391 475,2394 474,2394 474,2395 473,2395 473,2397 472,2397 472,2398 395,2398 395,2397 265,2397 265,2398 202,2398 202,2389 169,2389 169,2388 77,2388 77,2387 75,2387 75,2386 69,2386 69,2367 68,2367 68,2366 67,2366 67,2360 68,2360 68,2358 69,2358 69,2357 71,2357 71,2356 73,2356 73,2355 170,2355 170,2309 171,2309 171,2306 172,2306 172,2305 173,2305 173,2304 174,2304 174,2303 177,2303 177,2302"/>
	<TextLine id="l265">
	<Coords points="313,2303 313,2311 437,2311 437,2310 450,2310 450,2304 456,2304 456,2303 464,2303 464,2310 476,2310 476,2311 580,2311 580,2305 581,2305 581,2304 737,2304 737,2303 856,2303 856,2304 939,2304 939,2305 1039,2305 1039,2304 1040,2304 1040,2303 1295,2303 1295,2304 1440,2304 1440,2305 1495,2305 1495,2329 1503,2329 1503,2330 1504,2330 1504,2331 1505,2331 1505,2334 1504,2334 1504,2336 1423,2336 1423,2337 1421,2337 1421,2336 1139,2336 1139,2338 1138,2338 1138,2340 1137,2340 1137,2341 1136,2341 1136,2342 1134,2342 1134,2343 1132,2343 1132,2344 1125,2344 1125,2343 1123,2343 1123,2342 1122,2342 1122,2341 1119,2341 1119,2339 1118,2339 1118,2338 1117,2338 1117,2336 885,2336 885,2350 737,2350 737,2337 586,2337 586,2339 585,2339 585,2345 412,2345 412,2344 408,2344 408,2343 308,2343 308,2345 307,2345 307,2346 304,2346 304,2344 303,2344 303,2337 180,2337 180,2336 179,2336 179,2335 178,2335 178,2334 177,2334 177,2333 175,2333 175,2332 174,2332 174,2318 173,2318 173,2316 172,2316 172,2314 171,2314 171,2306 172,2306 172,2305 173,2305 173,2304 174,2304 174,2303"/>
	<Word id="w267">
	<Coords points="313,2303 313,2311 437,2311 437,2310 450,2310 450,2304 456,2304 456,2303 464,2303 464,2310 476,2310 476,2311 543,2311 543,2312 544,2312 544,2314 545,2314 545,2315 546,2315 546,2319 544,2319 544,2320 543,2320 543,2333 542,2333 542,2334 541,2334 541,2335 540,2335 540,2336 538,2336 538,2337 507,2337 507,2338 506,2338 506,2341 505,2341 505,2342 504,2342 504,2343 503,2343 503,2344 500,2344 500,2345 412,2345 412,2344 408,2344 408,2343 308,2343 308,2345 307,2345 307,2346 304,2346 304,2344 303,2344 303,2337 180,2337 180,2336 179,2336 179,2335 178,2335 178,2334 177,2334 177,2333 175,2333 175,2332 174,2332 174,2318 173,2318 173,2316 172,2316 172,2314 171,2314 171,2306 172,2306 172,2305 173,2305 173,2304 174,2304 174,2303"/>
	<TextEquiv conf="0.89693">
	<Unicode>Auslieferungslager</Unicode></TextEquiv></Word>
	<Word id="w269">
	<Coords points="590,2304 590,2305 606,2305 606,2306 607,2306 607,2313 627,2313 627,2314 628,2314 628,2316 629,2316 629,2320 628,2320 628,2321 626,2321 626,2335 624,2335 624,2336 623,2336 623,2337 586,2337 586,2339 585,2339 585,2345 582,2345 582,2339 581,2339 581,2318 578,2318 578,2314 579,2314 579,2313 580,2313 580,2305 581,2305 581,2304"/>
	<TextEquiv conf="0.95487">
	<Unicode>für</Unicode></TextEquiv></Word>
	<Word id="w271">
	<Coords points="689,2304 689,2313 704,2313 704,2315 705,2315 705,2317 706,2317 706,2319 707,2319 707,2334 705,2334 705,2335 703,2335 703,2336 701,2336 701,2337 666,2337 666,2336 664,2336 664,2335 662,2335 662,2334 660,2334 660,2305 661,2305 661,2304"/>
	<TextEquiv conf="0.92443">
	<Unicode>die</Unicode></TextEquiv></Word>
	<Word id="w273">
	<Coords points="856,2303 856,2311 880,2311 880,2312 881,2312 881,2313 882,2313 882,2316 883,2316 883,2317 884,2317 884,2319 885,2319 885,2350 737,2350 737,2304 746,2304 746,2303"/>
	<TextEquiv conf="0.86017">
	<Unicode>heſſiſche</Unicode></TextEquiv>
	<TextStyle underlined="true"/></Word>
	<Word id="w275">
	<Coords points="1040,2303 1211,2303 1211,2305 1210,2305 1210,2334 1209,2334 1209,2335 1191,2335 1191,2336 1139,2336 1139,2338 1138,2338 1138,2340 1137,2340 1137,2341 1136,2341 1136,2342 1134,2342 1134,2343 1132,2343 1132,2344 1125,2344 1125,2343 1123,2343 1123,2342 1122,2342 1122,2341 1119,2341 1119,2339 1118,2339 1118,2338 1117,2338 1117,2336 927,2336 927,2335 925,2335 925,2334 923,2334 923,2333 922,2333 922,2331 921,2331 921,2330 920,2330 920,2327 919,2327 919,2310 920,2310 920,2309 921,2309 921,2307 922,2307 922,2306 923,2306 923,2305 925,2305 925,2304 939,2304 939,2305 1039,2305 1039,2304 1040,2304"/>
	<TextEquiv conf="0.42192">
	<Unicode>Comenius⸗Fibel</Unicode></TextEquiv></Word>
	<Word id="w279">
	<Coords points="1292,2303 1292,2304 1293,2304 1293,2331 1294,2331 1294,2332 1295,2332 1295,2334 1294,2334 1294,2335 1275,2335 1275,2336 1252,2336 1252,2335 1249,2335 1249,2334 1246,2334 1246,2333 1245,2333 1245,2305 1247,2305 1247,2304 1249,2304 1249,2303"/>
	<TextEquiv conf="0.93276">
	<Unicode>bei</Unicode></TextEquiv></Word>
	<Word id="w281">
	<Coords points="1334,2304 1334,2307 1336,2307 1336,2308 1337,2308 1337,2309 1338,2309 1338,2310 1339,2310 1339,2311 1341,2311 1341,2312 1380,2312 1380,2313 1381,2313 1381,2314 1382,2314 1382,2319 1381,2319 1381,2320 1379,2320 1379,2334 1378,2334 1378,2335 1376,2335 1376,2336 1337,2336 1337,2335 1335,2335 1335,2334 1333,2334 1333,2333 1330,2333 1330,2304"/>
	<TextEquiv conf="0.91098">
	<Unicode>der</Unicode></TextEquiv></Word>
	<Word id="w283">
	<Coords points="1424,2304 1424,2305 1425,2305 1425,2306 1427,2306 1427,2308 1428,2308 1428,2311 1429,2311 1429,2329 1438,2329 1438,2330 1439,2330 1439,2331 1440,2331 1440,2334 1439,2334 1439,2335 1438,2335 1438,2336 1423,2336 1423,2337 1421,2337 1421,2336 1414,2336 1414,2335 1413,2335 1413,2334 1408,2334 1408,2307 1409,2307 1409,2306 1410,2306 1410,2305 1411,2305 1411,2304"/>
	<TextEquiv conf="0.85891">
	<Unicode>L.</Unicode></TextEquiv></Word>
	<Word id="w285">
	<Coords points="1495,2305 1495,2329 1503,2329 1503,2330 1504,2330 1504,2331 1505,2331 1505,2334 1504,2334 1504,2336 1479,2336 1479,2335 1475,2335 1475,2334 1474,2334 1474,2332 1472,2332 1472,2330 1471,2330 1471,2327 1470,2327 1470,2309 1471,2309 1471,2307 1473,2307 1473,2306 1474,2306 1474,2305"/>
	<TextEquiv conf="0.96319">
	<Unicode>C.</Unicode></TextEquiv></Word>
	<TextEquiv conf="0.81461">
	<Unicode>Auslieferungslager für die heſſiſche Comenius⸗Fibel bei der L. C.</Unicode></TextEquiv></TextLine>
	<TextLine id="l287">
	<Coords points="313,2356 313,2357 846,2357 846,2365 847,2365 847,2366 850,2366 850,2367 851,2367 851,2370 860,2370 860,2371 907,2371 907,2373 860,2373 860,2388 858,2388 858,2389 779,2389 779,2392 778,2392 778,2398 775,2398 775,2391 639,2391 639,2394 638,2394 638,2396 637,2396 637,2397 635,2397 635,2390 476,2390 476,2391 475,2391 475,2394 474,2394 474,2395 473,2395 473,2397 472,2397 472,2398 395,2398 395,2397 265,2397 265,2398 202,2398 202,2389 169,2389 169,2388 77,2388 77,2387 75,2387 75,2386 69,2386 69,2367 68,2367 68,2358 69,2358 69,2357 71,2357 71,2356"/>
	<Word id="w289">
	<Coords points="264,2356 264,2366 308,2366 308,2367 310,2367 310,2368 311,2368 311,2369 312,2369 312,2386 313,2386 313,2388 311,2388 311,2389 270,2389 270,2391 269,2391 269,2393 268,2393 268,2394 267,2394 267,2396 266,2396 266,2397 265,2397 265,2398 202,2398 202,2389 169,2389 169,2388 77,2388 77,2387 75,2387 75,2386 69,2386 69,2367 68,2367 68,2358 69,2358 69,2357 71,2357 71,2356"/>
	<TextEquiv conf="0.79078">
	<Unicode>Wittich'ſchen</Unicode></TextEquiv></Word>
	<Word id="w291">
	<Coords points="628,2357 628,2358 629,2358 629,2369 630,2369 630,2384 640,2384 640,2385 641,2385 641,2388 640,2388 640,2391 639,2391 639,2394 638,2394 638,2396 637,2396 637,2397 635,2397 635,2390 476,2390 476,2391 475,2391 475,2394 474,2394 474,2395 473,2395 473,2397 472,2397 472,2398 395,2398 395,2397 349,2397 349,2396 348,2396 348,2390 340,2390 340,2389 339,2389 339,2388 338,2388 338,2384 339,2384 339,2383 340,2383 340,2366 341,2366 341,2364 342,2364 342,2363 343,2363 343,2361 344,2361 344,2360 345,2360 345,2359 347,2359 347,2358 348,2358 348,2357"/>
	<TextEquiv conf="0.15051">
	<Unicode>Hofbuchdruckerei,</Unicode></TextEquiv></Word>
	<Word id="w293">
	<Coords points="846,2357 846,2365 847,2365 847,2366 850,2366 850,2367 851,2367 851,2382 859,2382 859,2383 860,2383 860,2388 858,2388 858,2389 779,2389 779,2392 778,2392 778,2398 775,2398 775,2391 682,2391 682,2390 678,2390 678,2389 677,2389 677,2388 670,2388 670,2373 668,2373 668,2371 667,2371 667,2364 668,2364 668,2362 669,2362 669,2361 670,2361 670,2360 671,2360 671,2359 673,2359 673,2358 676,2358 676,2357"/>
	<TextEquiv conf="0.91996">
	<Unicode>Darmſtadt.</Unicode></TextEquiv></Word>
	<TextEquiv conf="0.65514">
	<Unicode>Wittich'ſchen Hofbuchdruckerei, Darmſtadt.</Unicode></TextEquiv></TextLine>
	<TextEquiv>
	<Unicode>Auslieferungslager für die heſſiſche Comenius⸗Fibel bei der L. C.
Wittich'ſchen Hofbuchdruckerei, Darmſtadt.</Unicode></TextEquiv></TextRegion></Page></PcGts>
