1673 2654
1472 552 1628 627 der
691 1473 870 1544 mit
884 1472 1086 1546 dem

654 161 817 233 Die
850 160 1136 280 Schule.

223 286 391 362 Wir
392 291 586 409 sind
557 310 685 363 in
688 290 837 365 der
842 290 1094 410 Schu-le.
1129 292 1244 367 In
1238 295 1386 367 der
1399 294 1631 415 Schu-le

223 420 418 538 sind
378 419 618 494 vie-le
625 420 901 495 Bu-ben
906 422 1100 503 und
1093 422 1417 544 Mäd-chen.
1438 424 1610 497 Wir

223 547 491 668 sit-zen
614 549 953 626 Bän-ken.
493 573 608 623 in
978 550 1139 627 Vor
1131 552 1300 627 uns
1302 553 1474 673 steht

221 677 492 798 Leh-rer.
504 680 601 798 Er
611 681 827 799 fragt
824 680 1003 756 uns.
1008 682 1167 755 Wir
1159 683 1618 757 ant-wor-ten.

221 808 333 928 Ich
323 809 532 927 ha-be
531 832 683 881 ein
702 810 872 928 Buch,
876 830 1093 882 ei-ne
1110 810 1352 930 Ta-fel
1344 813 1536 884 und
1503 829 1627 884 ei-

222 987 387 1011 nen
406 939 678 1060 Grif-fel.
704 940 812 1013 In
819 941 989 1013 dem
996 942 1218 1061 Bu-che
1249 944 1461 1060 le-sen
1456 962 1626 1015 wir.

221 1066 359 1188 Auf
343 1067 479 1142 die
487 1069 712 1188 Ta-fel
703 1069 1037 1190 schrei-ben
1034 1092 1191 1145 wir.
1211 1072 1333 1145 Wir
1345 1073 1639 1192 zeich-nen

218 1198 407 1270 und
378 1199 690 1316 rech-nen.
713 1198 870 1270 Wir
871 1200 1176 1318 sin-gen
1192 1199 1383 1271 und
1356 1202 1614 1273 be-ten.

646 1351 826 1419 Die
854 1347 1105 1463 Tafel.

213 1474 334 1593 Ich
344 1473 675 1592 schrei-be
1115 1468 1420 1589 Grif-fel
1423 1468 1601 1586 auf

205 1599 335 1671 die
360 1600 619 1716 Ta-fel.
645 1597 964 1670 Mei-ne
977 1595 1216 1713 Ta-fel
1219 1593 1372 1714 hat
1366 1615 1625 1668 ei-ne

1462 1718 1620 1791 Die
1056 1719 1440 1839 Rah-men.
714 1741 1019 1795 ei-nen
515 1723 721 1794 und
210 1724 508 1842 Plat-te

1292 1842 1633 1963 Rah-men
1118 1846 1289 1919 Der
798 1844 1110 1967 Schie-fer.
602 1898 769 1921 von
470 1848 599 1966 ist
207 1848 472 1967 Plat-te

1433 1989 1617 2044 ein
1304 1969 1428 2089 ist
939 1970 1275 2090 Rah-men
774 1972 922 2047 Im
542 1973 722 2092 Holz.
336 2024 518 2049 von
205 1974 327 2093 ist

1387 2095 1629 2212 Schnur.
1153 2121 1383 2170 ei-ne
935 2098 1150 2214 läuft
773 2099 929 2218 Loch
202 2100 359 2222 Loch.
382 2101 598 2220 Durch
606 2099 765 2174 das

1226 2221 1633 2340 Schwamm
1041 2246 1215 2295 ein
211 2226 327 2299 An
335 2227 493 2299 der
514 2225 790 2344 Schnur
788 2224 1034 2344 hängt

204 2350 421 2423 und
385 2373 536 2423 ein
561 2352 897 2471 Wi-scher.
