912 1432
190 159 774 204 bey dem Ackerbau, bey dem Fortbringen großer
229 124 773 163 Einige dienen zur Bequemlichkeit. Das Pferd
191 196 510 241 Laſten, bey unſern Reiſen.
233 241 773 286 Die Hunde dienen dem Jaͤger und dem Vieh⸗
197 282 688 329 hirten, ſie bewachen auch unſere Haͤuſer.
230 328 774 370 Die Voͤgel beluſtigen uns durch ihren Geſang.
235 365 775 408 Auf der Erde wachſen Baͤume, Kraͤuter und
194 404 778 445 andere Gewaͤchſe. Die Baͤume brauchet man zum
194 443 778 488 Bauen der Haͤuſer und Schiffe, zum Brennen
194 481 590 525 und zu allerhand Geraͤthſchaften.
235 524 779 568 Auf den Eichbaͤumen und Buͤchen wachſen
197 562 780 607 Fruͤchte, die den Schweinen und anderm Viehe
196 603 781 645 ein nuͤtzliches Futter ſind. Allenthalben waͤchſet
198 638 780 682 das ſo nuͤtzliche Graß ohne die Bemuͤhung der
197 677 781 719 Menſchen. Es gereichet zur Erquickung unſrer
199 715 781 755 Augen und iſt eine beſondere Guͤte Gottes, daß
198 752 783 794 er das Gras und faſt alle Pflanzen und Gewaͤchſe
198 789 783 831 mit der gruͤnen Farbe geſchmuͤcket hat. Da die
198 828 779 872 rothe oder weiſſe Farbe unſern Augen ſchmerz⸗
200 866 517 910 haft geweſen ſeyn wuͤrde.
239 913 782 954 Eben ſo guͤtig und merkwuͤrdig iſt es, daß
202 953 784 990 Gott dem Graſe und ſogar dem trockenen Heu
201 989 783 1028 die Kraft gegeben, die Thiere zu ernaͤhren; und
202 1027 785 1072 uns dadurch Milch der Kuͤhe und andrer Thiere
202 1062 373 1103 zu verſchaffen.
243 1101 783 1155 Die beſten Fruchtbaͤume ſind Aepfel, Bir⸗
203 1147 728 1209 nen, Kirſchen, Nuͤſſe, Pfirſchen, Pflaumen.
748 1209 783 1250 Zu
