912 1432
194 130 599 171 Junge Schlemmer, alte Bettler.
197 172 773 219 Sey zufrieden mit dem, was du haſt, auch wenn
221 210 444 252 Leckerbiſſen fehlen.
194 257 683 303 Wer Schulden bezahlet, beßert ſein Gut.
195 307 635 352 Bezahlung der Schulden giebt Ruhe.
199 355 728 399 Hundert arme Spieler gegen Einen Reichen.
196 400 775 451 Mit vielem haͤlt man Haus, mit wenigem köͤmmt
222 440 408 486 man auch aus.
195 482 409 524 Bete und arbeite.
197 531 642 578 An Gottes Seegen, iſt alles gelegen.
195 580 577 622 Der Menſch denkt, Gott lenkt.
196 622 676 673 Des Herrn Auge macht die Pferde ſatt.
197 674 754 727 Suche die Achtung anderer Leute zu erlangen,
195 719 582 766 Kunſt erwirbt Brod und Gunſt.
196 768 600 819 Hochmuth kommt vor dem Fall.
194 815 514 863 Uebermuth thut ſelten gut.
197 861 778 908 Sey beſcheiden, und glaube nicht, daß du beßer
221 902 428 944 ſeyſt, als andre.
194 947 775 999 Lache nicht uͤberlaut, ſonſt machſt du dich ſelbſt
223 981 342 1027 laͤcherlich.
276 1043 573 1086 Huͤte dich vor der That;
271 1081 608 1126 Der Luͤgen wird wol Rath.
195 1138 598 1192 Suche wahre Ehre zu erlangen.
707 1212 777 1253 Nicht
