912 1432
122 130 701 173 dem Schwanz. Sie haben eine Blaſe in ſich,
123 167 704 210 dadurch ſie ſich leichter und ſchwerer machen koͤn⸗
122 205 702 250 nen, um nach Gefallen im Waſſer auf und nie⸗
123 243 303 285 der zu ſteigen.
163 288 702 326 Sie haben Graͤten ſtatt der Knochen. Sie
123 327 703 367 leichen d. i. ſie legen Eyer. Die Eyer heißen der
123 365 699 408 Rogen. Das Weibchen der Fiſche heiſt der Roͤgner;
124 402 471 443 das Maͤnnchen der Milchner,
159 448 702 490 Die Voͤgel ſind mit Federn bedecket, koͤnnen
122 486 701 527 mit ihren Fittichen oder Fluͤgeln herumfliegen und
123 524 703 565 den ganzen Leib mit dem Schwanze regieren. In
123 559 702 602 die Neſter, die ſie ſelbſt kuͤnſtlich bauen, legen
122 599 701 641 ſie Eier, aus welchen Junge gebrüͤtet werden.
122 637 700 679 Das Ei iſt mit einer harten Schaale umgeben,
122 674 670 718 und beſteht aus dem Eiweiß und dem Dotter.
164 720 700 762 Einige Voͤgel ſchwimmen auf dem Waſſer, als
124 758 487 800 Enten, Gaͤnſe und Schwanen.
163 805 699 847 Andere halten ſich allein auf dem Lande auf,
124 845 702 886 als Tauben, Huͤhner, Hennen, Schwalben, Pu⸗
125 883 701 931 ter, Nachteulen, Sperling, Fledermauß, Pfau,
126 919 223 965 Storch.
163 967 422 1005 Einige haben Klauen.
166 1004 585 1047 Die Voͤgel haben einen Schnabel.
165 1050 699 1100 Die Federn braucht man theils zum Schreiben,
125 1089 332 1140 theils zu Betten.
128 1136 679 1182 Tiſchgebet. O Gott der mich erhaͤlt und naͤhrt,
278 1175 647 1221 Mich taͤglich ſpeißt und traͤnket;
393 1213 457 1248 B 2
650 1213 703 1257 Und
