912 1432
258 130 555 175 Einige Abkuͤrzungen.
120 173 693 214 Kap. — heißt Kapitel. Anm. — Anmerkung.
148 206 691 251 1 B. Moſ. — das erſte Buch Moſis. Bl. —
146 245 694 286 Blat. d. i. — das iſt. Ebr. — Ebraͤer.
150 284 696 327 z. E. — zum Exempel. f. — das folgende.
148 322 696 365 S. — Seite oder ſiehe. Pſ. — Pſalm. Spr.
147 360 698 400 Sal. — Spruͤche Salomons. 1 Kor. der erſte
148 400 697 447 Brief an die Korinther. Apgſch. Apoſtelge⸗
148 434 248 476 ſchichte.
124 471 697 513 Habe deine Eltern und Lehrer lieb, und folge ih⸗
149 513 698 555 ren Ermahnungen gerne: denn ſie ſind kluͤger
151 548 243 581 als du.
124 583 701 624 Das Kind, das nicht auf Rath und gute Worte
150 622 698 665 hoͤrt, und trotzig widerſteht, iſt, daß es fuͤhle,
152 666 233 699 werth.
124 693 700 742 Wem nicht zu rathen iſt, dem iſt nicht zu helfen.
127 735 701 776 Es ſei dir nichts ſo ſehr, als Eigenſinn, ver⸗
152 771 704 812 haßt: durch ihn wird man der Welt, ſo wie
154 806 381 851 ſich ſelbſt zur Laſt.
128 842 700 887 Fabel. Eine Ziege ſprach zu ihrem Lamm: Ach
237 883 703 926 liebes Kind! gehe nicht auf das Eiß! du
239 918 705 957 koͤnnteſt leicht ein Bein zerbrechen. Das
237 960 703 1000 Lamm antwortete: Ich bin alt und klug
240 995 704 1039 genug, und will ſchon behutſam ſeyn.
241 1034 704 1074 Itzt iſt man kluͤger als vorzeiten. Es
239 1070 705 1112 gieng auf das Eiß, und brach ein Bein.
130 1108 705 1151 Den Aeltern Ehrerbietung beweiſen, bringet Ehre.
131 1146 710 1191 Die Aeltern ehre ſtets; du bleibſt nicht immer
159 1186 246 1229 Kind:
659 1217 709 1260 Sie
