912 1432
298 136 499 182 Selbſt lau ter.
112 190 684 258 a e i (j y) o u
235 273 555 326 ſtum me Buch ſta ben.
109 326 684 399 b c d f g h k l m n
114 399 615 478 p q r ſ t v w x z
249 478 553 533 Dop pel buch ſta ben.
109 522 695 618 ch ck ff ll mm nn ß ſſ
108 602 466 682 ſt ſch th tz pf.
288 689 514 736 Dop pel lau ter.
105 738 687 786 ae wie aͤ. ai ay au aͤu ei ey eu ie
112 789 513 833 wie i. wie oe oͤ. ue wie uͤ.
288 849 513 902 Le ſe uͤ bun gen.
112 909 688 963 wer le ſen kann, ler net bald mehr.
109 957 689 1010 eh re dei nen va ter und dei ne mut⸗
149 1004 646 1058 ter, auf daß es dir wol ge he.
114 1051 689 1105 iß nicht oh ne hun ger; und trink
124 1103 435 1152 nicht oh ne durſt.
113 1151 565 1206 brod und waſ ſer iſt geſund.
400 1200 469 1246 A 2
600 1199 693 1245 wenn
