912 1432
244 120 785 163 Die Dinge auf der Erde haben verſchiedene
204 154 784 205 Farben, als gruͤn, gelb, braun, grau, blau,
205 195 489 239 weiß, ſchwarz, violet.
206 248 728 302 Tiſchgebet. Die Erd’ iſt deiner Guͤte voll;
358 287 742 332 In allem, was uns naͤhren ſoll,
356 324 650 368 Erblick’ ich deine Guͤte.
356 358 738 405 O lieber Schoͤpfer, habe Dank,
356 398 757 444 Und hilf mir, daß ich Lebenslang
356 438 690 479 Mich vor den Undank huͤte.
209 494 784 541 Wann du krank biſt, ſo brauche nicht alles,
232 533 785 579 was dir andere rathen; ſondern uͤberlege wohl,
233 573 532 614 ob ſie es auch verſtehen.
209 616 786 667 Biſt du krank, ſo ziehe einen erfahrnen und ver⸗
234 653 787 705 ſtäͤndigen Arzt zu Rathe, und folge ſeinen
233 696 467 738 Vorſchriften genau.
209 739 507 783 Geduld uͤberwindet alles.
209 789 637 831 Nach dem Regen ſcheint die Sonne.
249 834 785 883 In den Seen, Stroͤmen, Fluͤßen und Baͤ⸗
209 873 788 918 chen ſind Fiſche, als Aale, Karpen, Forellen,
210 910 787 959 Hechte, welche Schuppen haben, Krebſe, Lachſe,
213 954 328 995 Heeringe.
249 988 790 1043 Der groͤßſte iſt der Wallſiſch, aus deſſen Speck
213 1036 463 1080 Thran geſotten wird.
248 1089 794 1135 Muſcheln und Auſtern ſind in harten Schaa⸗
213 1127 796 1174 len eingeſchloſſen. Die Fiſche ſchwimmen mit den
216 1166 795 1219 Floßfedern und regieren den ganzen Leib mit
739 1202 793 1239 dem
