912 1432
220 127 798 176 Wer alles zum Beſten kehret, der machet ſich
245 164 748 211 viele Freunde, und erwirbet ſich Zutraun.
219 208 799 256 Ciner komme dem andern mit Ehrerbietung zuvor.
219 254 800 307 Verachte keinen Menſchen, auch nicht den ge⸗
244 299 352 345 ringſten.
222 362 800 408 Verſpotte, liebes Kind, nie Armuth und Gebre⸗
247 400 802 451 chen: Gott kann vielleicht auch dich durch glei⸗
246 439 533 486 ches Ungluͤck ſchwaͤchen.
224 499 802 552 Tiſchgebet. Laß mich bey meinem Trank und
527 541 592 591 Eſſen
374 579 801 623 Nie deine Guͤt’, o Gott, vergeſſen.
374 613 803 662 Laß mich vor dir, Herr! unverruͤckt
374 657 712 700 Mit einem Herzen wandeln,
372 692 802 745 Das, Geitz und Ehrſucht nie be⸗
527 734 611 774 ſtrickt.
375 770 672 814 Gewiſſenhaft zu handeln,
377 807 802 850 Mein Leben ſtets der Tugend weihn,
376 842 802 889 So nuͤtzlich, als ich kann, zu ſeyn,
376 883 787 927 Das ſey mir Ehr und Reichthum.
225 951 617 997 Sey friedfertig, und vertraͤglich.
225 998 650 1044 Friede ernaͤhrt, Unfriede verzehrt.
264 1060 803 1108 Eine Dorfſchaft lebte lange im Friede und
223 1097 806 1144 Wohlſtande. Als aber eine neue Kirche gebauet
224 1136 804 1185 wurde, konnten die Frauen ſich nicht vereinigen,
226 1174 812 1222 wer auf der erſten oder zwoten Bank ſitzen ſollte,
755 1217 805 1252 und
