912 1432
202 124 779 176 Sie waren, was du biſt; Und du wirſt, was ſie
228 171 303 213 ſind.
203 195 782 251 Ein Kind muß alte Leute ehren: denn ſie haben
227 235 748 288 mehr Erfahrung und Klugheit als ein Kind.
202 279 780 334 Laß nie den Muͤßiggang dir deine Zeit verzehren.
204 315 783 373 Der Faule koͤmmt zu nichts; der Fleißige zu Ehren.
205 364 783 418 Wer fleißig arbeitet, der hat Brodt, und es
225 408 459 455 ſchmeckt ihm ſuͤße.
208 436 784 494 Gehe niemals muͤßig, ſo wird dich die lange Weile
234 484 395 529 nicht quaͤlen.
209 522 536 570 Faulheit lohnt mit Armuth.
209 557 646 607 Muͤßiggang iſt aller Laſter Anfang.
209 596 643 646 Nach gethaner Arbeit iſt gut ruhen.
210 626 789 685 Was heute geſchehen muß, verſchiebe nicht bis
237 683 339 723 morgen.
213 706 637 756 Morgenſtunde hat Gold im Munde.
215 748 544 797 Jung gewohnt, alt gethan.
255 787 788 844 Zur Arbeit, nicht zum Muͤßiggang, ſind wir,
214 825 792 880 o Herr, auf Erden. Drum laß mich doch mein
214 863 791 920 Lebelang kein Muͤßiggaͤnger werden. Gieb mir
216 902 791 957 Verſtand und Luſt und Kraft, geſchickt, treu und
218 940 718 1003 gewiſſenhaft, mein Werk ſtets zu verrichten.
257 981 795 1042 Die Sonne iſt nicht ſo klein, wie ſie zu ſeyn
218 1023 796 1082 ſcheint; ſondern iſt weit groͤßer als dieſe ganze
217 1059 795 1115 Erdkugel, die wir bewohnen. Sie ſcheint klein zu
220 1095 797 1159 ſeyn, weil ſie weit von uns entfernt iſt; iſt aber
218 1132 798 1194 viele 1000 mal groͤßer als unſere ganze Erdkugel.
221 1172 800 1237 Sie iſt eine feurige Kugel. Denn wenn man an
756 1209 808 1246 der
