912 1432
241 130 594 176 Einige fluͤßige Maaßen.
124 171 563 214 Eine Tonne Bier haͤlt 52 Stuͤbchen.
150 210 510 256 Ein Stuͤbchen haͤlt 2 Kannen.
148 249 453 291 Eine Kanne 2 Quartiere.
150 284 448 328 Ein Quartier 2 Noͤßel.
152 323 449 361 Ein Anker 40 Quartiere.
130 371 524 420 Friſch gewagt, iſt halb gewonnen.
128 412 461 456 Thue recht, ſcheue Niemand.
128 447 708 493 Scheue keine Gefahr, wenn es die Noth erfordert.
129 483 709 533 Ein weiſes Herz, ein guter Muth, ſind koͤſtlicher
157 525 390 568 als Geld und Gut.
129 571 697 629 A a. B b. C c. D d. E e. F f.
137 626 709 691 G g. H h. I i. K k. L l. M m.
135 684 706 746 N n. O o. P p. Q q. R r. S ſ.
139 738 709 808 T t. U u. V v. W w. X x.
135 803 323 863 Y y. Z z.
323 871 516 922 Kornmaaßen.
136 916 527 962 Ein Fuder Korn hat 12 Malter.
135 955 411 1001 Ein Malter 6 Himten.
137 993 404 1038 Ein Himte 4 Metzen.
281 1036 569 1090 Kaufmannsgewichte.
140 1094 478 1136 Eine Laſt iſt 4000 Pfund ££
138 1132 475 1171 Ein Centner iſt 112 Pfund.
140 1171 422 1216 Ein Pfund iſt 32 Loth.
449 1206 496 1256 A 5
662 1209 719 1252 Eine
