912 1432
124 127 700 171 der Sonne ſtehet, ſo fuͤhlet man, daß ſie Waͤrme
124 163 701 212 giebt. Und daß ſie ein wahres Feuer ſey, zeiget
124 208 327 245 das Brennglaß.
135 235 701 284 Dieſe Waͤrme brauchen Menſchen und Thiere
124 275 686 324 zum Leben, und die Pflanzen zum Wachsthum.
161 315 701 367 Die Sonne giebt uns auch Licht; denn wenn
124 352 701 404 ſie aufgeht, wird es helle; wenn ſie unter⸗
125 389 701 438 gehet, wird es dunkel. Die Gegend, wo die
124 424 703 470 Sonne aufgehet, heißt Oſten oder Morgen. Die
125 463 701 513 Gegend, wo ſie untergeht, heißt Abend oder Weſt.
124 499 703 547 Kehrt man ſein Geſicht nach Oſt, ſo hat man zur
124 536 705 584 rechten Hand Suͤd oder Mittag; und zur linken
126 579 408 620 Nord oder Mitternacht.
165 604 704 657 Die Sonne ſtehet bald hoch und ſcheint lange
124 648 706 694 am Himmel; bald ſteht ſie niedrig und ſcheint
124 689 706 733 kurze Zeit. Dadurch entſtehen die vier Jahrs⸗
125 723 705 770 zeiten: Fruͤhling, Sommer, Herbſt und Winter.
126 762 529 808 Das ganze Jahr hat 365. Tage.
165 797 705 845 Die Chriſten feyern außer dem Sontage noch
124 835 705 883 unterſchiedene Feſttage: Neujahr. Faſtnacht. gruͤ⸗
124 872 713 922 nen Donnerſtag. Charfreytag. Oſtern. Pfingſten.
126 911 708 959 Himmelfahrt Jeſu. Reformationsfeſt. Advent.
126 956 293 996 Weyhnachten.
134 986 709 1031 Der Mond iſt eine Kugel, wie die Erde,
126 1023 709 1074 und bekommt ſein Licht von der Sonne. Er lauft
126 1066 707 1115 alle Jahre 12 mal um die Erde herum, und ma⸗
127 1104 705 1153 chet alſo 12 Monate. Januar, Februar, Maͤrz,
127 1141 708 1194 April, Mai, Juny, July, Auguſt, Septem⸗
127 1182 572 1229 ber, Oktober, November, December.
657 1214 705 1253 Ein
