912 1432
222 132 795 189 wenn du was bö ſes ſie heſt, ſo
260 184 699 234 ma che es nie mals nach.
226 225 801 279 wenn du al lein biſt, ſo den ke, daß
264 276 544 330 Gott bey dir iſt.
229 320 801 383 gieb ger ne an dern von dem, was
266 377 405 422 du haſt.
228 409 805 477 ſei hoͤf lich ge gen je den, auch ge⸗
265 469 605 525 gen den ge rin gern.
227 511 802 568 ſei auf merk ſam und hoͤ re wohl zu,
248 564 661 614 da mit du klug wer deſt.
233 606 806 667 ge he lang ſam, da mit du nicht
271 665 386 712 fal leſt.
229 700 808 761 ließ lau te, da mit man es hoͤ ren
268 762 397 805 koͤn ne.
233 794 808 858 ließ lang ſam, da mit du nicht un⸗
268 844 810 900 recht le ſeſt, und da mit du es
272 893 811 954 beſſer ver ſte heſt, was du lieſeſt.
235 949 521 1002 eh re al te leu te.
235 990 813 1048 der fau le wird hun gern: dann er
270 1040 694 1096 iſt des brods nicht werth.
237 1084 813 1148 haſ ſe al les boͤ ſe, und lie be al les
273 1140 364 1190 gu te.
742 1199 813 1242 Das
