912 1432
206 120 787 172 Gebet. O Gott laß Seegen auf mir ruhn, mich
321 155 789 206 deine Wege wallen; und lehre du mich
319 194 783 242 ſelber thun nach deinem Wohlgefallen.
254 245 790 301 Wilſt du geſund ſeyn, ſo lerne Kaͤlte ertragen,
210 285 791 342 und ſcheue dich nicht vor dem Winde. Sey maͤßig
212 321 795 380 im Eſſen und Trinken. Maͤßigkeit bewahrt vor
214 362 604 419 Krankheit. Zuviel iſt ungeſund.
256 415 795 472 Nimm nicht mehr auf deine Schultern, als du
214 467 392 512 tragen kannſt.
258 491 798 554 Gieb dich nicht ohne Noth in Gefahr; damit
217 545 548 593 dir kein Schade widerfahre.
243 598 798 652 Die Erde, die wir bewohnen iſt eine Ku⸗
221 634 802 692 gel, da man allenthalben Luft und Himmel uͤber
219 670 804 725 ſich hat, man mag reiſen, wo man will. Sie
222 708 802 766 ſcheint aber eine Ebene zu ſeyn, weil ſie ſo groß
222 744 806 803 iſt, und weil man alſo ihre Ruͤnde nicht leicht
222 783 806 840 merken kann. Die Erdkugel hat 5,400 Meilen
222 822 809 877 im Umkreiſe. Rund um die Erde herum iſt die
223 860 806 918 Luft, die wir mit dem Athem an uns ziehen. In
224 896 806 953 der Luft ſind Wolken, daraus der Regen, Schnee,
225 936 804 995 Hagel und Gewitter kommen. Dieſe Wolken er⸗
232 976 783 1030 haͤlt die Luft in der Hoͤhe und bewegt ſie.
268 1017 809 1074 Die Erdkugel wird in Land und Waſſer einge⸗
228 1054 810 1112 theilet. Es gibt Behaͤltniſſe von Waſſer auf der
232 1094 811 1147 Erde, die viele 100 ja 1000 Meilen groß ſind.
233 1130 813 1186 Dieſe nennt man Weltmeere oder Seen. Darauf
233 1168 813 1231 ſind ſtarke ſchaͤumende Wellen, und darauf fahren
748 1206 813 1253 große
