912 1432
150 123 701 166 Das Haupt nimmt den vornehmſten Ort an
122 158 703 203 dieſem Gebaͤude ein. Es kann ſich nach allen
125 196 449 240 Seiten herumdrehen.
159 253 702 295 Unter der Stirn ſind die zween Augen, wie
120 292 701 335 ein paar Fenſter angebracht: und an beyden Sei⸗
120 327 700 372 ten des Haupts ſtehen die offenen Ohren, wie
123 365 550 410 Thore, dahinein aller Schall gehet.
126 420 697 466 Der Menſch hat fünf Sinne, die uns entwe⸗
122 459 700 503 der Vergnüͤgen oder Misvergnüͤgen erwecken. Mit
121 497 701 540 Vergnuͤgen ſehen wir eine gruͤne Wieſe, hoͤren
120 535 699 575 den Geſang der Voͤgel, der Lerche, der Nachti⸗
123 570 699 612 gall; riechen eine Roſe oder Nelke; ſchmecken ein
121 603 699 651 reifes Obſt, Aepfel, Kirſchen, Birnen; fuͤhlen
124 642 492 681 eine warme Luft.
153 698 699 750 Es iſt eine große Guͤte Gottes, wenn wir nicht
120 740 391 792 taub, nicht blind ſind.
163 792 697 839 Das Auge iſt in einer tiefen Hoͤhle, durch
118 831 697 875 hervorragende Knochen ſicher verwahret, damit es
116 868 699 914 nicht ſo leicht Schaden nehme. Die Augenlieder
120 905 698 950 ſind gleichſam die Vorhaͤnge, womit wir das Auge
119 945 697 987 zudecken koͤnnen, wenn wir wollen. Sie ſind ſo
120 982 699 1026 zart und weich, daß ſie uns nicht ſchmerzen, wenn
116 1019 699 1066 wir das Auge damit bedecken: da doch ſonſt der
116 1058 698 1103 kleinſte Staub ſchmerzet, wenn er ins Auge kommt.
156 1097 700 1142 Befleißige, mein Kind! dich ſtets der Rein⸗
118 1129 698 1182 lichkeit. Rein ſei Geſicht und Hand, und rein
116 1169 372 1217 ſei Waͤſch und Kleid.
646 1214 707 1249 Ge⸗
