912 1432
124 134 702 174 Nicht Schoͤnheit und Putz des Leibes, ſondern
152 171 703 217 Froͤmmigkeit und Tugend iſt die wahre Zierde
151 211 329 250 des Menſchen.
122 267 445 315 Kleider machen keine Leute.
124 313 708 358 Eine Sau mit einem goldnen Halsbande bleibt
147 352 341 392 doch eine Sau.
124 401 701 447 Ein goldener Zaum macht ein traͤges Pferd doch
150 442 702 485 nicht muthig. Und ein goldenes Kleid macht
152 480 447 522 einen Thoren nicht klug.
120 537 672 583 Beßer arm mit Ehre, als reich mit Schande.
124 581 699 627 Wie die Saat, ſo die Aerndte: wie die Thaten,
151 619 311 662 ſo der Lohn.
122 661 590 711 Durch edle Thaten erlanget man Ehre.
122 716 566 759 Liebe deinen Naͤchſten als dich ſelbſt.
124 769 700 817 Sey dienſtfertig und thue andern gern etwas zu
150 810 273 852 Gefallen.
123 856 319 901 Sei nicht falſch.
121 903 686 948 Wer andern Gruben graͤbt, faͤllt ſelbſt hinein.
124 949 698 999 Freue dich, wenn es andern wohlgeht, und ſey
146 991 317 1034 nicht neidiſch.
120 1048 553 1093 Sey barmherzig gegen Nothleidende.
122 1093 527 1140 Brich dem Hungrigen dein Brod.
124 1138 531 1187 Allmoſen geben machet nicht arm.
435 1212 485 1254 B 5
657 1210 701 1249 Du
