912 1432
109 120 689 163 große Schiffe, welche die Guͤter des einen Landes
107 155 689 198 nach dem andern bringen. Aus den Meeren ſtei⸗
109 194 690 237 gen Duͤnſte auf, woraus die Wolken entſtehen.
108 231 689 275 Außer den Meeren giebt es auch kleine und große
110 266 689 313 Fluͤße und Baͤche. Dieſe ergießen ſich alle ins
110 308 196 348 Meer.
152 356 689 402 Wenn man etwas tief in die Erde graͤbet, ſo
109 393 693 442 findet man gemeiniglich Waſſer. Alsdenn machet
109 431 691 477 man Brunnen, daraus ſchoͤpft man das Waſſer
108 470 693 513 mit Eimern. Alle dieſe Waſſer haben großen
109 505 693 552 Nutzen. Sie dienen Menſchen und Thieren zum
112 542 694 591 Getraͤnke; den Pflanzen zum Wachsthum; die
112 585 344 628 Muͤhlen zu treiben.
152 631 689 678 Man findet auch hier und da Quellen, Suͤmpfe,
113 671 584 719 Moraͤſte, Pfuͤtzen, einen Pfuhl, Teich.
153 723 690 770 Eine Inſel iſt ein Land, das mit Waſſer um⸗
116 768 254 813 floſſen iſt.
153 807 694 853 Auf dem Lande ſind Berge, wo Holz und
110 844 693 891 allerlei Kraͤuter wachſen; Thaͤler zu Wieſen berei⸗
110 882 693 930 tet; und Ebenen, wo man den Acker pfluͤget, daß
110 924 456 969 er Korn und Fruͤchte traͤget.
154 973 693 1018 In der Erde findet man Steine, Steinkohlen,
111 1011 695 1058 Edelſteine, Erz und Metalle: als Gold, Sil⸗
112 1047 696 1096 ber, Eiſen, Blei, Kupfer, Meßing, Zinn, Stahl.
112 1085 696 1136 Queckſilber frißt die Metalle: Magnet zieht Ei⸗
113 1124 695 1174 ſen an ſich. Eiſen iſt nuͤtzlicher, als Gold und
116 1171 234 1212 Silber.
638 1190 694 1235 Die
423 1194 448 1234 B
