912 1432
167 124 705 172 Zu den Kuͤchenkraͤutern gehoͤren die Kohle,
128 159 711 215 Wurzeln, Zwibeln, Salate, Huͤlſenfruͤchte u. ſ. w.
167 208 707 252 Auf dem Acker wird Korn oder Getraide ge⸗
128 245 705 290 bauet zur Erhaltung der Menſchen und Thiere,
129 283 708 329 durch pfluͤgen, ſaͤen und eggen. Da waͤchſet Rog⸗
130 320 709 365 gen, Weitzen, Gerſte, Haber, Bohnen, Erbſen,
128 355 612 402 Wicken, Flachs, Ruͤbeſaamen, Linſen.
170 400 708 449 Alle Gewaͤchſe entſtehen aus einem Saamen⸗
128 439 708 487 korn, darin die Pflanze ſchon im kleinen liegt,
129 478 708 528 und durch Regen, Thau, Luft und Waͤrme ent⸗
130 523 287 564 wickelt wird.
309 577 533 618 Morgen⸗Gebet.
233 611 635 656 Gelobet ſeyſt du Gott der Macht,
233 652 528 691 Gelobt ſey deine Treue,
233 684 635 732 Daß ich nach einer ſanften Nacht
233 723 548 768 Mich dieſes Tags erfreue.
132 777 709 824 Huͤte dich fuͤr Schuld vermehren, und die Guͤter
158 814 709 862 außzuzehren. Sonſt wirſt du ein armer Mann,
157 857 526 904 der nie gluͤcklich werden kann.
132 898 711 951 Iß und trink nicht koͤſtlicher, als du bezahlen
149 946 255 989 kannſt.
132 988 474 1032 Strecke dich nach der Decke.
132 1034 710 1080 Willſt du einen ſeidnen Tuch oder ſonſt etwas
162 1072 710 1120 kaufen, ſo uͤberlege vorher, ob du es auch be⸗
160 1113 339 1154 zahlen koͤnneſt.
134 1160 412 1206 Borgen macht Sorgen.
441 1206 487 1249 B 4
635 1206 712 1245 Junge
