912 1432
99 133 678 186 roͤhre. Milchſuppe. Rehnadel. Obrig⸗
98 178 682 234 keit. Pulsader. Quackſalber. Sei⸗
98 229 682 288 denwurm. Tuchmacher. Uhrmacher.
99 280 298 329 Vaterland.
101 319 680 379 a a. b b. c c. d d. e e. f f.
102 377 679 442 ff ff. g g. h h. i i. k k. l l.
105 443 584 495 II II. m m. n n. o o. p p.
104 493 683 554 rr. ſſ. ss. ſſ ſſ. ß ſs. ſt ſt.
102 548 680 608 t t. u u. v v. w w. x x. y y.
102 607 469 673 z z. aͤ ä. oͤ ö. uͤ ü.
232 674 558 724 Unterſcheidungszeichen.
106 716 684 766 Komma (,) zeiget, daß man etwas inne halten
131 757 685 803 muß. Thue nichts Boͤſes, ſo wiederfäͤhrt
132 798 340 837 dir nichts Boͤſes.
106 823 684 876 Bey dem Semikolon (;) hält man etwas laͤn⸗
128 867 683 916 ger ſtille. Ein gehorſames Kind haben die El⸗
132 908 684 952 tern lieb; Aber ein unartiges moͤgen ſie nicht
128 945 685 990 leiden. Zanke nicht; ſondern gieb gerne nach.
108 982 684 1028 Bey dem Kolon (:) wartet man, noch etwas
133 1019 685 1066 laͤnger. Reden bringet Ehre; und Reden brin⸗
134 1058 683 1103 get Schande: darum befleiſfige dich, immer
127 1095 330 1140 gut zu reden.
109 1132 684 1181 Bey) dem Punkt (.) haͤlt man am längſten ſtille.
136 1169 682 1219 Was du willſt, das dir geſchehe, das thue an⸗
406 1213 460 1257 A 4
620 1210 684 1251 dern.
