912 1432
85 127 665 173 ſchenkte, ſo verzehrten ſie bey ihm viel, aus
85 163 665 207 dem Verkaufe des Geſtohlnen, geloͤſetes Geld.
85 204 666 249 Auch verkaufte Hehleman ſelbſt fuͤr die Diebe
85 239 666 297 das Geſtohlene. Endlich ward die Diebesbande
87 282 665 326 gefangen, und Hehleman von ihnen angege⸗
86 317 666 365 ben, der denn mit ihnen zugleich geſtrafet
86 358 191 398 wurde.
86 397 644 457 Waͤre kein Hehler, ſo waͤre auch kein Stehler.
85 456 662 508 Wer ſtehlen ſiehet, muß ſich nicht ſcheuen, es an⸗
88 495 222 537 zugeben.
86 545 363 595 Raͤche dich ſelbſt nicht.
89 597 471 651 Vergilt nicht Boͤſes mit Boͤſen.
89 645 652 699 Schilt nicht wieder, wenn du geſcholten wirſt.
86 688 667 747 Maͤßige deinen Zorn; Er ſtuͤrzet dich ſonſt in
113 732 221 771 Ungluͤck.
87 769 613 829 Sich ſelbſt uͤberwinden iſt der ſchoͤnſte Sieg.
111 835 666 887 Die Wahrheit rede ſtets und wag es nie
315 880 441 919 zu luͤgen:
141 909 665 965 Die Menſchen kannſt du zwar, doch niemals
313 949 498 998 Gott betruͤgen.
88 1000 666 1055 Sprich, ſo viel du kannſt, Gutes von andern.
86 1051 667 1105 Wer einmahl gelogen hat, dem glaubt man ſel⸗
98 1091 260 1130 ten wieder.
89 1132 426 1180 Verlaͤumde keinen Menſchen.
610 1225 667 1270 Wer
