912 1432
236 130 793 182 dern. Wenn du Hilfe noͤthig haſt, muſt du
234 167 792 217 beſcheiden darum bitten. Haſt du Hilfe erlangt,
241 210 514 252 muſt du dankbar ſeyn.
218 232 798 290 Bey dem Ausrufungszeichen (!) erhebet man
243 276 752 326 die Stimme. O Gott! wie guͤtig biſt du!
219 312 798 363 Bey dem Fragezeichen (?) erhebet man die
244 352 800 400 Stimme noch mehr. Kann Reichthum den
241 387 798 440 Menſchen wohl nach dem Tode gluͤcklich
245 434 360 475 machen?
221 461 802 515 Apoſtroph (’) zeiget an, daß ein Selbſtlauter
229 500 798 549 ausgelaſſen iſt. Wo ich nur geh’ und ſteh’
234 536 802 590 erblickt mein Aug’ o Schoͤpfer, deine Guͤte.
226 583 803 632 Wenn c vor a, o oder u ſtehet, wird es wie k
253 622 804 670 ausgeſprochen. Carl. Canaan. Corinth. Curier,
228 669 803 719 Wenn c vor aͤ e i y ſtehet, wird es wie z
241 708 806 760 ausgeſprochen. Centner. Caͤſar. Citrone. Cyrus.
230 753 665 807 ph. lautet wie f. Pharao. Philipp.
244 813 791 875 Gemeine Ziefern, oder Zeichen der
470 864 587 911 Zahlen.
237 905 807 973 1. 2. 3. 4. 5. 6. 7. 8. 9.
237 969 812 1032 10. 11. 12. 13. 14. 15. 16.
241 1023 812 1093 17. 18. 19. 20. 30. 40. 50.
237 1088 814 1147 60. 70. 80. 90. 100. 1000.
241 1145 588 1220 10,000. 100,000.
771 1193 818 1241 Ei⸗
