912 1432
248 127 780 171 Ein Monat hat ohngefehr 4 Wochen. Eine
206 163 779 210 Woche hat 7 Tage. Sonntag. Montag. Diens⸗
205 199 782 249 tag. Mittewochen. Donnerſtag. Freytag. Son⸗
206 243 310 285 nabend.
245 276 783 329 Die Sterne ſind weit groͤßer, als ſie uns zu
206 315 787 369 ſeyn ſcheinen. Sie ſcheinen klein, weil ſie ſo weit
208 354 783 404 von uns entfernt ſind. Sie ſind zum Theil eben
207 397 735 443 ſolche große feurige Kugeln, als die Sonne.
299 462 699 513 Etwas von dem Menſchen.
247 516 787 567 Der Menſch hat neben dem ſterblichen Leibe
210 556 787 602 auch eine unſterbliche Seele. Dieſe iſt es, die in
209 591 786 642 uns denket, empfindet, wuͤnſchet, verlanget, ſich
210 630 787 676 freuet, betruͤbet. Die Seele hat durch Verſtand
211 667 787 717 und Vernunft vor allen ſichtbaren Geſchoͤpfen
212 710 586 754 der Welt einen großen Vorzug.
252 752 790 801 Unſere Seele wohnet in dem Leibe, welcher
212 790 789 842 einem ſchoͤnen Hauſe gleich iſt. Die Knochen ma⸗
213 828 787 882 chen den Grund oder das Zimmerholz dieſes Ge⸗
214 866 790 919 bäͤudes aus. Sie ſind unter einander veſt verbun⸗
214 903 791 954 den mit Knorpeln und Sehnen, und uͤberall ſchoͤn
214 942 701 992 uͤberzogen mit Fleiſch, Adern und Haut.
256 983 791 1034 Unten ſind die Beine und Fuͤße, welche als
218 1029 532 1072 Balken das Haus tragen.
257 1064 793 1118 An beyden Seiten ſind die beweglichen Arme,
217 1106 795 1159 Haͤnde und Finger, mit denen wir ſo vielerlei
219 1153 553 1196 Arbeiten verfertigen koͤnnen.
737 1215 795 1254 Das
