912 1432
192 136 457 179 Eine Unze iſt 2 Loth.
194 171 494 217 Ein Loth hat 4 Quentin.
362 227 605 272 Andere Maaßen.
195 280 683 330 Ein Schock iſt 3 Stiege oder 6o Stuͤcke.
195 324 432 362 Eine Stiege iſt 20.
194 361 447 404 Eine Mandel iſt 15.
195 396 396 439 Ein Dutz iſt 12.
194 432 643 479 Ein Morgenland iſt 120 Ruthen lang.
196 469 705 515 Eine Ruthe iſt 8 Ellen oder 16 Fuß lang.
198 505 696 554 Eine Elle iſt 2 Fuß oder 2 Schuhe lang.
199 546 522 589 Ein Fuß iſt 12 Zolle lang.
198 578 665 629 Eine Meike haͤlt ohngefehr 22,600 Fuß.
372 639 611 690 Einige Muͤnzen.
241 688 779 744 Im Hannoͤverſchen rechnet man nach Reichs⸗
201 732 684 780 thalern, Mariengroſchen und Pfennigen.
231 767 725 817 8 Pfennige machen einen Mariengroſchen.
232 807 726 854 12 Pfennige machen einen guten Groſchen.
230 844 723 892 24 Mariengroſchen machen einen Gulden.
235 882 717 929 36 Mariengroſchen machen einen Thaler.
233 918 545 968 Eine Piſtole iſt 5 Thaler.
230 953 783 1006 Ein Dukaten gilt 2 Thaler 30 Mariengroſchen.
207 990 783 1046 Im Kaſſengelde gilt 1 Piſtole nur 4 thl. 24 gl.
233 1030 784 1081 oder 7 Gulden. und ein Dukate 2 thl. 24 gl.
236 1079 420 1119 oder 4 Gulden.
211 1100 785 1160 14 thl. Kaſſen⸗Muͤnze machen 15 thl. die Piſtole
239 1151 470 1200 zu 5 thl. gerechnet.
693 1205 788 1258 Einige
