912 1432
226 136 493 179 Du ſollt nicht ſtehlen.
226 175 562 221 Laß einem jeden das Seine.
268 241 808 287 Der kleine Peter hatte ſeinen Eltern und
229 276 810 326 Geſchwiſtern Kleinigkeiten an Eßwaaren und an⸗
228 311 813 364 dern Sachen oft weggenommen, als ihn ſeine
228 351 813 402 Mutter endlich darüͤber betraf, ſagte ſie es dem
229 392 811 443 Vater, und das Kind wurde hart gezuͤchtiget.
229 429 814 483 Peter weinte ſehr, und wendete vor: Er haͤtte
230 466 817 518 ja nur eine Kleinigkeit weggenommen. Allein
230 505 814 554 der verſtaͤndige Vater ſagte: Eben darum ſtrafe
231 539 817 593 ich dich hart, damit du nicht bey Kleinigkeiten
232 579 814 634 lerneſt, Dinge von groͤßerm Werthe ſtehlen, und
231 618 816 669 endlich am Galgen ſterben muͤßeſt. Denn wer
232 652 814 715 oft nur einen Apfel ſtiehlet, nimmt dereinſt auch
233 698 666 743 Geld, wenn er dazu kommen kann.
234 762 464 819 Betriege Niemand.
234 810 728 859 Gebet jedermann, was ihr ſchuldig ſeyd.
234 859 565 907 Unrecht Gut gedeihet nicht.
235 907 573 953 Ehrlich waͤhret am laͤngſten.
236 949 818 1008 Mit wenigen ſich ehrlich genaͤhrt, iſt beßer, als
249 993 512 1035 mit vielen unehrlich.
233 1038 635 1085 Uebel gewonnen, uͤbel zerronnen.
237 1083 709 1137 Der Hehler iſt ſo gut als der Stehler.
278 1137 822 1194 Hehleman ſtahl ſelber nicht, aber die Diebe
241 1175 822 1232 kamen bey ihm zuſammen. Und weil er Bier
725 1214 822 1261 ſchenkte,
