<?xml version="1.0" encoding="UTF-8"  standalone="yes"?>
<PcGts xmlns="http://schema.primaresearch.org/PAGE/gts/pagecontent/2019-07-15" xmlns:xsi="http://www.w3.org/2001/XMLSchema-instance" xsi:schemaLocation="http://schema.primaresearch.org/PAGE/gts/pagecontent/2019-07-15 http://schema.primaresearch.org/PAGE/gts/pagecontent/2019-07-15/pagecontent.xsd">
  <Metadata externalRef="https://images.sub.uni-goettingen.de/iiif/image/gdz:PPN643815198:00000033/full/full/0/default.jpg">
	<Creator>escriptorium</Creator>
	<Created>2022-08-27T09:42:03.665326+00:00</Created>
        <LastChange>2022-08-27T09:42:03.665356+00:00</LastChange>
  </Metadata>
  <Page imageFilename="PPN643815198_0033.jpg" imageWidth="912" imageHeight="1432">
    <TextRegion id="eSc_textblock_cf7cf1ab"  >
      <Coords points="708,260 695,355 660,390 593,397 663,407 689,426 689,466 673,490 685,556 466,591 476,604 539,610 555,626 555,651 539,664 475,674 488,684 475,690 486,709 679,719 689,728 682,772 600,801 689,824 682,855 356,861 245,877 212,896 101,890 98,168 108,133 152,130 695,136 708,260"/>
      <TextLine id="eSc_line_244f3a2c" >
        <Coords points="685,135 678,135 670,135 662,135 654,135 646,135 638,135 630,135 623,135 622,136 619,134 614,134 606,134 598,134 590,134 585,134 581,136 578,134 574,134 566,134 559,134 556,136 533,136 524,133 518,133 510,133 502,133 499,136 481,136 472,133 471,133 463,133 455,132 452,132 452,133 448,136 401,136 392,133 388,132 383,132 375,132 367,132 359,132 351,132 343,132 335,132 327,132 319,132 311,132 304,131 296,131 288,131 280,131 272,131 269,131 262,134 260,136 215,136 214,135 207,130 200,130 198,130 188,135 187,135 183,135 149,131 148,131 110,135 105,141 105,159 105,166 141,169 142,169 143,169 152,167 162,164 180,167 198,169 198,169 199,169 205,167 213,164 240,167 259,169 260,169 261,169 265,167 273,164 280,167 284,169 284,169 285,169 286,169 292,167 303,164 352,168 370,169 371,169 372,169 374,168 382,165 387,168 389,170 390,170 391,170 392,170 393,170 393,170 395,168 400,165 433,165 450,168 456,170 457,170 478,169 539,165 551,169 553,170 553,170 554,170 559,169 582,166 592,170 593,170 594,170 595,171 687,171 688,159 687,135 685,135"/>
        <Baseline points="105,159 368,155 688,159"/>
        <TextEquiv>
          <Unicode>und erzuͤrnten ſich daruͤber. Da kam Feindſchaft</Unicode>
        </TextEquiv>
      </TextLine>
      <TextLine id="eSc_line_d9b84d0b" >
        <Coords points="106,194 105,201 120,206 121,206 122,206 174,206 174,206 175,206 182,202 183,202 187,202 229,206 229,206 260,202 265,202 687,206 689,197 688,175 671,175 671,175 665,170 665,169 664,169 663,169 662,169 662,169 641,175 630,167 629,167 628,167 627,167 572,168 572,168 549,175 549,175 541,175 516,175 507,167 506,167 506,167 505,167 488,168 487,168 487,168 479,175 478,175 444,171 443,171 428,174 409,168 409,168 408,168 407,168 406,168 399,175 398,175 384,175 383,175 374,167 373,167 372,167 348,167 347,167 346,167 332,175 331,175 311,167 311,167 310,167 309,167 295,171 256,167 255,167 254,167 253,167 246,173 221,170 220,170 219,170 202,175 200,175 198,175 174,167 173,167 172,167 171,167 152,173 139,170 138,170 137,170 106,174 106,194"/>
        <Baseline points="106,194 496,194 689,197"/>
        <TextEquiv>
          <Unicode>und Plauderei unter die Leute, daraus Zaͤnkerein</Unicode>
        </TextEquiv>
      </TextLine>
      <TextLine id="eSc_line_c7806669" >
        <Coords points="101,230 100,242 144,240 202,244 207,244 208,244 209,244 221,239 226,244 227,244 228,244 254,245 255,245 259,244 279,239 374,239 406,239 414,245 415,245 416,245 417,245 417,245 418,245 420,245 426,241 444,245 449,245 450,245 451,245 452,245 463,240 499,240 509,245 510,245 510,245 511,245 517,245 557,241 599,241 608,245 608,246 609,246 610,246 611,246 618,245 648,241 656,245 658,246 658,246 659,246 686,245 687,233 686,210 672,206 671,206 670,206 663,210 651,215 595,215 584,210 578,206 577,206 563,206 562,206 561,206 561,206 561,207 557,210 555,212 551,210 547,206 546,206 545,206 518,206 518,206 517,206 516,206 511,210 510,210 503,210 492,207 491,207 491,207 483,210 472,213 465,210 457,206 456,206 433,206 432,206 432,206 420,210 409,213 402,210 395,205 394,205 393,205 335,205 334,205 333,205 332,205 327,210 323,213 313,210 303,206 302,206 301,206 300,206 292,210 282,213 268,210 258,206 257,206 257,206 243,210 230,213 178,213 171,210 160,204 159,204 159,204 158,204 157,204 152,210 148,212 101,210 101,230"/>
        <Baseline points="101,230 687,233"/>
        <TextEquiv>
          <Unicode>im Umgange und vor Gerichte entſtunden, alſo</Unicode>
        </TextEquiv>
      </TextLine>
      <TextLine id="eSc_line_14fde8df" >
        <Coords points="103,268 102,276 112,280 113,280 113,280 114,280 123,277 138,284 139,284 140,284 140,284 141,284 152,277 170,284 171,284 171,284 172,284 197,277 198,277 199,277 214,281 215,281 216,281 217,281 229,278 230,277 231,278 240,284 241,284 241,284 242,284 243,284 256,278 258,277 307,277 310,279 316,284 317,284 318,284 319,284 352,280 362,284 363,284 364,284 365,284 378,280 388,277 401,280 419,284 420,284 436,281 448,278 471,278 479,281 486,285 487,285 487,286 539,286 539,285 540,285 548,283 562,278 575,278 581,283 584,285 584,285 585,285 586,286 628,286 628,285 629,285 630,285 631,284 638,278 648,284 650,285 651,285 652,285 697,284 698,270 697,252 620,243 553,243 553,243 552,243 551,243 543,249 539,251 519,249 493,245 492,245 491,245 491,245 487,248 484,250 478,248 476,247 475,247 475,247 474,247 471,248 459,251 455,247 449,243 448,243 448,243 447,243 446,243 445,243 440,247 434,251 425,247 424,246 423,246 422,246 421,246 420,246 413,251 384,251 374,245 370,244 369,244 368,244 367,244 366,244 364,245 359,249 348,245 347,245 346,245 346,245 335,249 330,245 329,244 328,244 327,244 327,244 320,245 314,246 311,245 308,242 307,242 307,242 282,242 281,242 280,242 280,242 277,244 269,251 202,251 192,242 191,242 190,242 190,242 182,242 139,245 103,241 103,268"/>
        <Baseline points="103,268 698,270"/>
        <TextEquiv>
          <Unicode>daß ſie aus Verdruß, und wegen beſtaͤndiger</Unicode>
        </TextEquiv>
      </TextLine>
      <TextLine id="eSc_line_88abc06a" >
        <Coords points="106,306 106,319 152,315 193,319 207,320 208,320 216,319 238,315 249,319 251,319 252,319 253,319 257,319 278,315 299,319 309,320 310,320 328,319 341,317 358,318 397,321 398,321 399,321 405,318 409,315 424,318 446,321 447,321 448,321 458,317 463,315 470,317 480,320 481,320 482,320 503,317 515,315 522,317 535,321 536,321 537,321 537,321 538,321 545,317 548,315 611,315 613,316 619,321 620,321 621,321 622,322 664,322 664,321 688,315 689,307 687,284 608,287 598,283 596,282 595,282 594,282 593,282 590,283 579,287 515,287 504,283 500,281 499,281 498,281 491,283 467,287 461,283 459,281 459,281 458,281 438,281 437,281 428,283 398,287 387,282 382,280 381,280 381,280 380,280 374,282 362,287 354,282 350,280 350,280 349,280 333,282 310,285 302,282 298,280 297,280 236,280 235,280 234,280 231,282 226,284 216,282 210,280 210,280 209,280 199,282 171,287 106,282 106,306"/>
        <Baseline points="106,306 689,307"/>
        <TextEquiv>
          <Unicode>Proceße ihre Wirthſchaft verſaͤumten, und große</Unicode>
        </TextEquiv>
      </TextLine>
      <TextLine id="eSc_line_f1411688" >
        <Coords points="105,343 104,353 118,358 119,358 120,358 120,358 137,353 142,352 147,353 164,358 165,358 166,358 229,358 229,358 230,358 239,353 241,352 249,353 279,358 280,358 280,358 281,358 288,353 291,352 336,352 342,353 365,358 366,358 366,358 384,353 389,352 396,353 430,359 431,359 471,354 493,358 494,358 494,358 495,358 500,353 501,353 504,353 546,359 547,359 588,354 614,360 615,360 615,360 616,360 642,354 664,358 665,358 666,358 684,353 685,346 683,320 568,324 559,319 557,319 557,319 556,319 555,319 553,319 541,322 528,319 522,317 521,317 520,317 519,317 515,319 507,322 498,319 494,317 494,317 449,317 448,317 448,317 447,317 445,319 439,322 404,319 385,316 385,316 384,316 383,316 381,318 375,323 364,323 358,318 357,317 356,317 355,317 320,316 319,316 319,316 318,316 315,318 312,320 305,318 300,316 300,316 299,316 298,316 292,318 276,322 240,318 239,318 238,318 229,322 128,322 105,317 105,343"/>
        <Baseline points="105,343 685,346"/>
        <TextEquiv>
          <Unicode>Unkoſten hatten. Und es waͤhrte nicht lang, ſo</Unicode>
        </TextEquiv>
      </TextLine>
      <TextLine id="eSc_line_e439a6e0" >
        <Coords points="105,380 104,393 179,389 187,393 196,398 197,398 279,400 280,400 280,400 281,400 292,393 294,390 304,392 331,397 332,397 358,392 366,390 389,390 390,392 401,400 401,400 402,400 403,400 436,393 470,400 471,400 471,400 472,400 483,391 495,390 496,382 495,361 464,354 463,354 463,354 446,361 445,361 417,357 416,357 373,361 366,361 365,361 348,353 347,353 302,353 301,353 300,353 300,353 300,354 292,360 274,360 265,354 265,354 264,354 235,352 198,352 197,352 196,352 195,352 195,353 187,359 149,355 148,355 148,355 139,359 138,359 128,354 127,354 126,354 105,358 105,380"/>
        <Baseline points="105,380 496,382"/>
        <TextEquiv>
          <Unicode>hatten ſie ſich alle arm gezanket.</Unicode>
        </TextEquiv>
      </TextLine>
      <TextLine id="eSc_line_f279c0f9" >
        <Coords points="105,447 104,461 152,462 152,462 153,462 155,462 173,456 219,462 223,462 224,462 225,462 226,462 238,455 259,461 260,461 261,461 261,461 262,461 272,455 325,455 339,461 339,461 340,461 341,461 358,455 393,455 409,459 409,459 410,459 428,455 434,460 435,460 436,460 436,460 437,460 455,455 473,463 474,463 475,463 475,463 507,463 507,463 508,463 509,463 522,456 549,463 550,463 551,463 552,463 553,463 572,457 625,463 626,463 627,463 627,463 628,463 637,456 654,463 654,463 655,463 682,463 683,448 682,427 659,427 659,426 646,420 645,420 644,420 643,420 631,426 630,426 625,425 596,421 595,421 594,421 584,425 582,426 580,425 565,418 565,418 501,418 500,418 499,418 487,424 485,425 451,426 440,423 436,421 435,421 434,421 419,423 398,424 394,422 392,420 391,420 390,420 389,420 389,420 380,422 367,425 362,421 358,419 358,419 357,419 356,419 355,419 347,421 335,425 276,420 257,419 256,419 255,419 252,420 236,426 210,426 199,419 197,417 196,417 195,417 194,417 184,419 154,424 105,418 105,447"/>
        <Baseline points="105,447 683,448"/>
        <TextEquiv>
          <Unicode>Wehre den Plaudereien und erſticke ſie im An⸗</Unicode>
        </TextEquiv>
      </TextLine>
      <TextLine id="eSc_line_7a62ba0a" >
        <Coords points="132,486 133,501 147,498 156,501 158,501 159,501 159,501 160,501 161,501 161,501 166,497 170,501 171,501 171,501 171,501 172,501 173,501 228,501 229,501 229,501 229,500 231,499 236,495 241,499 242,500 243,500 244,500 245,500 253,498 275,494 300,498 315,499 316,499 317,499 318,499 320,497 326,494 348,494 354,496 363,500 364,500 365,500 366,500 366,500 371,496 374,494 381,495 396,498 397,498 415,494 417,494 421,494 479,499 479,499 480,499 481,499 488,494 488,483 487,461 435,457 434,457 433,457 420,462 416,463 413,462 407,457 406,457 405,457 405,457 378,463 368,464 359,463 335,458 335,458 300,463 292,465 288,464 274,459 273,459 272,459 272,459 255,463 250,459 249,459 249,459 229,459 228,459 227,459 226,459 219,465 218,466 163,466 163,466 144,459 144,459 143,459 142,459 141,459 132,464 132,486"/>
        <Baseline points="132,486 488,483"/>
        <TextEquiv>
          <Unicode>fange, ſonſt erſticken ſie dich.</Unicode>
        </TextEquiv>
      </TextLine>
      <TextLine id="eSc_line_8d149f91" >
        <Coords points="676,521 647,513 646,513 646,513 628,520 616,512 615,512 615,512 614,512 599,513 598,513 597,513 587,521 586,521 552,514 551,514 550,514 536,521 535,521 534,521 522,516 521,516 520,516 519,516 518,516 512,521 511,521 505,521 459,517 458,517 439,520 435,521 432,520 420,515 420,515 419,515 418,515 406,520 382,513 381,513 381,513 380,513 356,520 350,522 337,522 334,520 323,513 323,513 322,513 253,513 253,513 252,513 233,518 222,513 222,513 221,513 220,513 219,513 214,517 192,515 191,515 190,515 179,519 171,521 103,519 104,544 104,556 128,550 142,556 144,556 144,556 145,556 146,556 148,556 159,550 187,554 187,554 220,550 229,556 229,556 230,556 231,556 232,556 233,556 234,556 249,550 262,550 269,556 270,556 271,556 272,556 272,557 296,557 296,556 296,556 297,556 298,556 305,550 318,554 319,554 319,554 363,550 371,555 372,555 373,555 374,555 374,555 375,555 381,550 389,556 389,556 390,556 391,556 392,556 393,556 395,556 409,549 417,556 417,556 418,556 419,556 421,556 462,549 486,549 497,555 498,555 498,555 499,555 512,551 521,556 522,556 522,556 523,556 529,556 571,552 587,556 588,556 589,556 590,556 682,555 682,542 682,541 676,521"/>
        <Baseline points="104,544 682,542"/>
        <TextEquiv>
          <Unicode>Der Stolz iſt die Urſach der meiſten Feind⸗</Unicode>
        </TextEquiv>
      </TextLine>
      <TextLine id="eSc_line_31963ac1" >
        <Coords points="131,580 131,596 166,591 180,595 183,595 183,595 184,595 246,592 246,580 246,564 221,564 209,559 190,553 190,553 189,553 188,553 181,556 169,560 160,554 159,552 158,552 157,552 131,551 131,580"/>
        <Baseline points="131,580 246,580"/>
        <TextEquiv>
          <Unicode>ſchaften.</Unicode>
        </TextEquiv>
      </TextLine>
      <TextLine id="eSc_line_2824e9b2" >
        <Coords points="105,652 131,646 144,652 145,652 146,652 147,652 152,652 175,648 179,651 180,652 181,652 182,652 183,653 214,653 214,652 214,652 219,650 233,646 243,650 248,652 249,652 249,653 275,653 275,652 276,652 276,652 280,649 284,646 300,649 313,652 314,652 372,648 406,646 480,646 482,646 492,651 493,651 494,651 531,645 531,637 531,614 477,609 476,609 475,609 467,612 466,613 464,612 456,607 456,607 455,607 454,607 453,607 452,607 445,612 444,613 443,611 435,606 434,606 433,606 375,606 374,606 374,606 362,610 354,614 310,614 305,609 302,607 301,607 300,607 300,607 299,607 293,609 285,613 276,609 271,606 270,606 252,606 251,606 250,606 245,608 236,614 209,614 191,607 187,606 186,606 185,606 184,606 183,606 182,607 173,614 126,614 105,606 105,637 105,652"/>
        <Baseline points="105,637 531,637"/>
        <TextEquiv>
          <Unicode>Sey nicht begierig nach eitler Ehre.</Unicode>
        </TextEquiv>
      </TextLine>
      <TextLine id="eSc_line_ce20db98" >
        <Coords points="103,695 104,708 114,703 163,706 187,708 188,708 189,708 194,705 200,702 206,705 210,707 211,707 212,708 230,708 230,707 231,707 232,707 232,706 234,704 237,702 249,704 273,707 274,707 275,707 291,703 297,701 304,702 328,706 329,706 358,701 374,706 374,706 375,706 376,706 393,700 393,692 391,674 377,674 376,673 369,668 369,667 368,667 367,667 366,667 366,667 365,667 358,673 341,673 318,674 314,673 295,665 294,665 293,665 292,665 271,673 263,675 246,673 211,666 210,666 171,669 171,669 170,669 170,669 167,671 163,676 149,671 144,669 143,669 142,669 141,669 137,671 131,674 127,671 123,667 122,667 121,667 120,667 102,670 103,695"/>
        <Baseline points="103,695 393,692"/>
        <TextEquiv>
          <Unicode>Der Kluͤgſte giebt nach.</Unicode>
        </TextEquiv>
      </TextLine>
      <TextLine id="eSc_line_a7b2b342" >
        <Coords points="103,751 103,767 127,767 127,766 128,766 146,759 180,759 193,766 194,766 194,766 195,766 196,766 197,766 208,759 224,763 225,763 226,763 226,763 239,759 248,765 249,765 249,765 250,765 280,759 311,766 316,766 317,766 326,766 373,759 383,765 383,766 384,766 385,766 385,766 386,766 388,765 401,759 436,759 449,765 453,766 454,766 455,766 465,765 494,759 522,764 530,766 531,766 557,765 558,765 560,764 569,759 591,764 604,766 604,767 652,767 652,766 653,766 654,766 658,764 666,759 681,763 683,751 681,725 676,727 674,725 668,720 667,720 666,720 666,720 635,725 628,726 624,725 611,720 610,720 541,720 540,720 539,720 538,720 532,725 528,727 503,725 479,722 478,722 477,722 472,724 467,727 445,724 430,723 429,723 428,723 422,724 413,727 405,724 395,721 394,721 393,721 379,724 366,727 358,724 347,720 346,720 270,720 269,720 268,720 268,720 264,724 259,727 237,724 230,723 229,723 221,724 189,727 183,724 178,720 177,720 176,720 175,720 175,720 167,724 160,728 138,728 131,724 124,720 123,720 122,720 103,723 103,751"/>
        <Baseline points="103,751 683,751"/>
        <TextEquiv>
          <Unicode>Ein magerer Vergleich iſt beßer, als ein fetter</Unicode>
        </TextEquiv>
      </TextLine>
      <TextLine id="eSc_line_7f397243" >
        <Coords points="129,789 129,802 169,797 186,799 206,802 207,802 208,802 230,796 230,789 230,770 216,770 207,762 206,762 206,762 205,762 204,762 182,769 171,762 171,762 170,762 169,762 168,762 167,762 158,769 138,762 137,762 136,762 136,762 135,762 135,763 129,768 129,789"/>
        <Baseline points="129,789 230,789"/>
        <TextEquiv>
          <Unicode>Proceß.</Unicode>
        </TextEquiv>
      </TextLine>
      <TextLine id="eSc_line_286f0266" >
        <Coords points="105,846 105,853 131,853 144,859 145,859 146,859 147,859 148,859 155,853 175,853 182,859 183,859 183,859 184,859 209,853 221,860 222,860 222,860 223,860 224,860 243,856 259,859 260,859 261,859 261,859 262,859 268,855 294,860 295,860 350,859 350,859 366,852 416,859 417,859 417,859 428,854 479,852 487,852 491,852 546,859 547,859 548,859 549,859 557,852 592,859 593,859 654,859 654,859 655,859 680,851 680,844 678,824 599,824 597,822 589,816 588,816 588,816 574,816 573,816 572,816 572,816 564,822 562,824 536,824 533,821 525,815 524,815 523,815 500,815 499,815 498,815 481,821 475,823 467,821 459,819 458,819 457,819 442,821 419,824 412,821 401,816 401,816 354,816 354,816 353,816 342,820 329,824 309,819 303,818 302,818 301,818 300,818 300,819 292,825 245,825 236,818 233,817 233,817 232,817 197,817 196,817 195,817 194,817 193,818 184,824 167,820 166,820 165,820 136,824 122,817 120,817 120,817 119,817 104,817 105,846"/>
        <Baseline points="105,846 680,844"/>
        <TextEquiv>
          <Unicode>Sey dankbar, wenn dir jemand etwas Gutes er⸗</Unicode>
        </TextEquiv>
      </TextLine>
      <TextLine id="eSc_line_07a9b750" >
        <Coords points="207,859 182,859 179,859 168,854 167,854 167,854 166,854 153,859 145,861 129,859 131,887 132,900 151,895 161,898 167,899 168,899 169,899 210,893 210,883 207,859"/>
        <Baseline points="131,887 210,883"/>
        <TextEquiv>
          <Unicode>zeiget.</Unicode>
        </TextEquiv>
      </TextLine>
    </TextRegion>
    <TextRegion id="eSc_textblock_3d3d2afb"  >
      <Coords points="606,980 628,1039 657,1072 647,1122 622,1135 216,1135 203,1093 206,986 226,970 269,964 286,922 491,922 514,948 514,970 606,980"/>
      <TextLine id="eSc_line_bdd02f64" >
        <Coords points="499,933 495,929 486,929 485,928 475,922 475,922 467,922 459,922 452,922 444,922 436,922 428,922 420,922 417,922 413,925 408,928 362,928 358,923 357,923 356,923 355,923 326,927 316,922 316,922 308,922 300,922 300,922 292,924 289,922 285,923 284,948 284,954 299,961 300,961 300,962 358,962 358,961 385,955 393,961 393,961 394,961 395,961 396,961 397,961 403,956 424,960 424,960 425,960 437,956 475,962 476,962 477,962 499,955 500,949 499,933 499,933"/>
        <Baseline points="284,948 500,949"/>
        <TextEquiv>
          <Unicode>Morgen⸗Gebet.</Unicode>
        </TextEquiv>
      </TextLine>
      <TextLine id="eSc_line_dd05de99" >
        <Coords points="604,981 545,974 544,974 543,974 542,974 533,981 533,981 510,976 509,976 483,981 480,981 479,981 455,973 454,973 410,972 409,972 409,972 387,980 374,974 374,974 373,974 345,980 344,980 333,972 332,972 331,972 307,972 307,972 306,972 294,979 278,973 277,973 276,973 276,973 251,980 248,980 245,980 222,975 221,975 220,975 219,975 217,976 214,979 214,1004 213,1014 261,1016 262,1016 263,1016 268,1014 271,1012 273,1014 276,1016 276,1016 277,1016 278,1016 279,1016 288,1014 296,1012 304,1014 316,1016 317,1016 318,1016 326,1014 331,1012 342,1014 361,1016 362,1016 362,1016 369,1014 372,1012 375,1013 384,1016 385,1016 385,1016 403,1013 409,1012 412,1013 420,1017 420,1017 421,1017 422,1017 435,1013 436,1013 437,1013 451,1017 452,1017 452,1017 453,1017 469,1013 477,1017 478,1017 479,1018 554,1018 554,1017 555,1017 570,1013 596,1017 597,1017 598,1017 606,1012 607,1006 606,984 604,981"/>
        <Baseline points="214,1004 607,1006"/>
        <TextEquiv>
          <Unicode>Viel Boͤſes ſeh’ ich als ein Kind,</Unicode>
        </TextEquiv>
      </TextLine>
      <TextLine id="eSc_line_399dbdff" >
        <Coords points="212,1043 212,1050 235,1054 236,1054 237,1054 237,1054 243,1050 299,1050 312,1055 313,1055 314,1055 385,1051 399,1055 400,1055 401,1055 401,1055 415,1049 417,1049 420,1049 452,1054 453,1054 479,1049 480,1049 491,1054 491,1054 492,1055 541,1055 541,1054 541,1054 542,1054 549,1050 593,1054 594,1054 616,1048 617,1042 615,1023 574,1019 573,1019 572,1019 560,1023 550,1015 549,1015 549,1015 502,1015 501,1015 500,1015 499,1015 499,1015 491,1023 461,1023 456,1018 455,1018 454,1018 453,1018 417,1023 405,1015 405,1015 404,1015 403,1015 402,1015 401,1015 389,1023 362,1015 362,1015 361,1015 336,1020 292,1015 291,1015 261,1022 227,1015 226,1015 226,1015 225,1015 211,1023 212,1043"/>
        <Baseline points="212,1043 617,1042"/>
        <TextEquiv>
          <Unicode>Und Boͤſes lernet man geſchwind.</Unicode>
        </TextEquiv>
      </TextLine>
      <TextLine id="eSc_line_656fcdaa" >
        <Coords points="211,1093 252,1095 253,1095 253,1095 258,1093 270,1090 282,1093 287,1095 288,1095 288,1095 289,1095 290,1095 290,1094 291,1093 296,1089 308,1093 309,1093 310,1093 311,1093 311,1093 316,1089 350,1089 358,1093 359,1095 360,1095 361,1095 362,1095 379,1093 406,1091 417,1093 429,1097 430,1097 431,1097 432,1097 440,1093 448,1090 463,1093 469,1094 470,1094 480,1093 508,1090 513,1093 518,1097 518,1097 519,1097 539,1097 540,1098 567,1098 567,1097 568,1097 569,1097 569,1097 572,1093 573,1093 574,1093 587,1097 588,1097 588,1097 589,1097 590,1097 595,1093 602,1097 603,1097 604,1097 647,1093 648,1082 648,1063 596,1055 596,1055 595,1055 573,1061 567,1062 565,1061 560,1056 559,1056 558,1056 529,1054 528,1054 527,1054 511,1059 508,1060 504,1059 484,1054 483,1054 483,1054 482,1054 477,1058 473,1062 463,1058 457,1056 456,1056 456,1056 455,1056 448,1058 433,1062 418,1057 407,1054 406,1054 405,1054 388,1056 360,1061 342,1056 341,1056 340,1056 339,1056 339,1056 339,1057 334,1061 300,1061 288,1054 287,1054 286,1054 285,1054 284,1054 284,1054 272,1061 253,1061 241,1053 241,1053 240,1053 239,1053 238,1053 225,1056 213,1052 212,1079 211,1093"/>
        <Baseline points="212,1079 648,1082"/>
        <TextEquiv>
          <Unicode>Bewahr, o Gott, mich jeden Tag,</Unicode>
        </TextEquiv>
      </TextLine>
      <TextLine id="eSc_line_21661d9c" >
        <Coords points="212,1119 212,1128 228,1128 237,1136 237,1136 237,1136 238,1136 239,1137 282,1137 282,1136 283,1136 295,1130 300,1135 301,1135 302,1135 303,1135 341,1130 371,1136 372,1136 373,1136 374,1136 381,1130 383,1128 428,1128 430,1130 434,1133 434,1134 435,1134 436,1134 436,1134 437,1134 448,1130 454,1128 475,1129 476,1131 482,1136 482,1136 483,1136 483,1136 484,1136 485,1136 502,1131 510,1128 526,1128 530,1131 535,1136 536,1136 537,1136 537,1137 557,1137 557,1136 557,1136 558,1136 558,1136 563,1132 566,1128 578,1132 597,1136 598,1136 599,1136 622,1132 622,1119 622,1099 571,1099 570,1098 562,1093 561,1093 561,1093 560,1093 559,1093 548,1097 542,1093 541,1093 541,1093 540,1093 539,1093 530,1097 529,1099 500,1099 498,1097 489,1093 488,1093 487,1093 487,1093 478,1097 475,1098 471,1097 442,1089 441,1089 440,1089 440,1089 424,1094 418,1089 417,1089 417,1089 350,1089 349,1089 348,1089 347,1089 338,1096 335,1098 317,1096 276,1089 275,1089 274,1089 260,1095 256,1097 251,1095 237,1090 237,1090 236,1090 212,1094 212,1119"/>
        <Baseline points="212,1119 622,1119"/>
        <TextEquiv>
          <Unicode>Daß ich nichts Boͤſes lernen mag.</Unicode>
        </TextEquiv>
      </TextLine>
    </TextRegion>
    <TextRegion id="eSc_textblock_20c0ae90"  >
      <Coords points="607,1227 616,1199 676,1202 682,1237 616,1243 607,1227"/>
      <TextLine id="eSc_line_3ac95082" >
        <Coords points="670,1201 669,1201 662,1201 654,1200 646,1200 639,1200 636,1199 615,1204 616,1234 616,1247 677,1247 677,1232 675,1210 670,1201"/>
        <Baseline points="616,1234 677,1232"/>
        <TextEquiv>
          <Unicode>Roͤ⸗</Unicode>
        </TextEquiv>
      </TextLine>
    </TextRegion>
  </Page>
</PcGts>
