912 1432
332 131 773 170 Und, ob ichs gleich nicht immer werth,
336 163 672 208 Mir ſo viel Gutes ſchenket;
336 198 757 245 Dir dank’ ich, was ich hab und bin,
335 238 750 283 Und will mit ganzer Seel und Sinn
338 277 641 322 Mich deiner Guͤte freuen.
337 367 775 416 Du ſchenkeſt mir mein taͤglich Brodt.
338 409 741 450 O ſeegne mirs mein guter Gott.
339 505 741 555 Mein Gott fuͤr Speiſ’ und Trank
340 546 678 593 Sag ich dir Lob und Dank.
245 644 779 691 Es giebt unterſchiedene vierfuͤßige zahme
203 684 609 730 Thiere, die haben eine Schnauze.
242 735 778 786 Die nuͤzlichſten ſind das Pferd, der Eſel und
202 772 780 824 Mauleſel. Ochſe. Kuh. Kalb. Schaf hat Wolle.
203 813 779 863 Ziege. Bock. Schwein hat Borſten, Klauen und
203 847 785 902 giebt Speck. Sauferken. Hund. Affe. Kameel.
203 885 783 935 Der Elephant iſt das groͤßeſte Landthier. Der
203 924 780 975 Kuhhirt blaͤſet die Kuͤhe mit dem Kuhhorn zu⸗
202 962 782 1011 ſammen. Der Schweinehirte treibet die Schweine,
203 1003 656 1050 der Schaͤfer die Schafe und Laͤmmer.
248 1052 779 1105 Wilde Thiere ſind zum Theil im Walde. Reh,
205 1093 782 1143 Hirſch hat Geweihe. Froͤſchling. wild Schwein.
206 1131 783 1181 Fuchs. der Igel iſt ſtachlicht. der Dachs verkri⸗
206 1169 782 1223 chet ſich in der Erde, Kaninchen. der Maul⸗
717 1205 782 1247 wurf
