912 1432
128 128 708 166 wurf wirft Haufen Erde auf. Loͤwen. Baͤr. Ti⸗
129 161 697 208 ger. Wolf, der Luchs hat das ſchaͤrfſte Geſicht.
131 206 708 254 Gewuͤrme, Inſekten oder Ungeziefer ſind theils
130 247 440 291 fliegende theils kriechende.
170 291 706 338 Zu den fliegenden gehoͤren die Fliege, Weſpe,
128 331 709 374 Hummel, Muͤcke. Die Bienen bauen Honig und
131 367 707 413 Wachs in kuͤnſtlichen ſechseckigten Zellen. Mai⸗
130 408 206 452 kaͤfer.
173 454 711 495 Zu den kriechenden gehoͤren der Seidenwurm
131 490 710 535 und die Raupe, die ſich erſt in Puͤpchen verwan⸗
129 528 711 572 deln, und dann in Schmetterlinge, hierauf Eyer
130 566 711 606 legen und ſterben. Ameiſe. Made. Motte.
131 605 712 647 Wurm. Johanniswurm glaͤnzet bey der Nacht.
131 641 716 688 Heuſchrecke. Laus. Floh. Wanze. Die Spinne
131 680 713 723 macht ein Netz, worin ſie Fliegen fäͤnget. Die
131 718 713 759 Schnecke traͤgt ihr Haus herum, welches aus ihr
131 756 712 797 herauswaͤchſt, und in welchem ſie ſich ganz ver⸗
130 795 294 837 bergen kann.
172 834 709 884 Schlange. Otter. Kroͤte. Froſch. Natter.
132 875 467 920 Eidex. Drache. Skorpion.
171 926 713 972 Obgleich alle Thiere ihren großen Nutzen ha⸗
130 964 728 1010 ben, ſo nuͤtzen doch einige vorzuͤglich den Menſchen.
132 1003 709 1054 zur Nahrung; denn von einigen eſſen wir Fleiſch,
131 1042 300 1084 Milch, Eyer.
167 1092 713 1132 Andere dienen uns zur Kleidung durch ihre
133 1131 714 1169 Wolle, Felle und Haare. Der Seidenwurm
134 1165 676 1214 ſpinnt die koͤſtliche Seide aus ſich ſelbſt.
619 1204 713 1250 Einige
424 1207 478 1249 B 3
